2742 4242
254 380 329 445 nn
502 364 903 447 PRAEFATIQ

259 490 427 577 gressionee.
470 486 551 557 Adae
572 494 657 557 enirn
677 492 840 569 advitam,
864 493 993 557 virtutes
1019 488 1057 555 &-
1072 506 1139 555 nie*

261 582 319 643 rita
337 578 485 640 Virorum
505 578 698 641 eruditorum
728 576 874 658 spectant,
904 575 970 637 aliae
990 576 1028 636 ad
1049 575 1140 637 libros

261 678 430 742 eorumque
457 661 668 725 conditionem
706 660 737 725 n
765 659 922 723 historiam
950 657 1140 731 referuntur,

261 744 327 808 nliae
340 744 398 807 alia
415 746 516 826 capita
532 745 761 831 persequuntur.
805 742 843 805 ln
856 743 905 807 hie
932 740 1141 813 convertendis

261 830 304 893 ita
319 830 452 892 versatus
466 836 548 904 lum,
573 840 610 891 ut
631 826 779 892 nonnulla
795 829 833 897 ad
855 824 1030 890 institutum
1051 842 1140 905 pror-

262 912 311 976 sus
330 930 395 975 non
419 913 613 992 pertinentia,
634 910 718 975 ladio
749 912 787 974 ad
809 911 983 991 marginem
1013 909 1140 982 indicit),

259 996 452 1071 omitterem,
467 997 497 1061 dt
511 995 696 1076 parentheser
715 994 877 1077 longiores,
897 1012 971 1076 quas
992 990 1142 1063 Italorum

262 1096 350 1142 rnore
362 1094 447 1143 arnat
463 1080 575 1155 noster,
586 1080 745 1151 indicendi
761 1080 913 1142 rationem
924 1078 1021 1158 tnagis
1028 1078 1098 1158 pers
1116 1077 1143 1137 i-

263 1179 355 1229 cuam
369 1178 591 1227 converterem.
604 1161 736 1226 Titulos
749 1160 897 1227 librorum
906 1159 1021 1225 Italicos
1030 1159 1078 1223 vel
1116 1158 1143 1218 i-

253 1246 449 1333 spanicos&c.
463 1244 592 1328 Latinos
602 1244 675 1322 feci,
685 1260 720 1309 ut
728 1246 863 1327 plprinm
873 1243 1080 1326 intelligentie
1090 1258 1144 1329 ρᾶς

265 1342 375 1406 terent,
392 1330 551 1393 subnotata
567 1343 671 1393 tamen
684 1329 789 1412 lingua
804 1327 869 1403 illa,
879 1347 941 1413 qua
976 1329 1144 1391 redierunt.

265 1408 412 1497 ‚Cumque
434 1415 467 1475 in
484 1415 519 1478 iis
532 1414 730 1477 describendis
741 1413 910 1495 longiorem
924 1430 941 1471 e
964 1410 1145 1492 eintellige·

263 1512 329 1562 rern
344 1496 530 1573 Austorem,
550 1499 602 1584 qul
626 1497 656 1560 dt
680 1516 759 1571 eos,
781 1498 889 1580 quibus
912 1496 1040 1557 dedicari
1060 1508 1147 1556 erant

261 1580 343 1657 libri,
351 1600 412 1658 una
426 1602 500 1647 cum
513 1581 680 1646 eorundem
690 1581 885 1661 dignitatibus
901 1592 1149 1648 commemorare

263 1684 328 1729 non
342 1666 529 1748 neglexerat,
554 1665 600 1727 his
623 1665 746 1749 quidem
764 1658 894 1745 omilin,
908 1680 942 1724 ea
964 1674 1147 1727 tantumat·

264 1748 423 1830 tp1i,quae
443 1750 479 1809 ad
494 1747 733 1826 perspiciendam
752 1744 819 1809 libri
834 1747 1046 1810 conditionem
1066 1738 1146 1808 suffi-

264 1843 381 1897 cerent.
425 1828 463 1893 ln
481 1830 576 1899 Notis
589 1830 618 1891 id
631 1829 704 1909 egi,
729 1841 763 1892 ut
784 1844 867 1890 nunc
892 1843 1075 1909 appareret,
1095 1828 1148 1911 qui

264 1914 432 1996 Scriptores
449 1912 486 1975 de
510 1913 579 1976 viris
592 1914 762 1986 eruditis,a
781 1910 897 1975 Nostro
917 1926 1149 1975 commemora·

263 2000 323 2074 tis,
346 1994 438 2064 lulius
455 1992 514 2059 lint
531 1996 762 2059 commentitie
789 2006 873 2059 nnnc
889 2008 962 2059 tero
981 1993 1147 2070 constaret,

263 2081 337 2167 quid
354 2082 392 2145 eb
407 2079 544 2144 Auelore
567 2079 615 2142 vel
629 2079 737 2155 dubie,
754 2080 806 2145 ret
828 2080 931 2142 ‘minus
943 2078 1025 2141 redie
1049 2079 1148 2141 trada-

264 2178 327 2229 tur.
371 2162 552 2233 Dolendum
571 2160 627 2239 est,
645 2178 772 2247 operam
786 2161 878 2239 hene,
893 2180 988 2247 quarn
1002 2160 1148 2247 usquead

264 2246 387 2312 literam
419 2246 448 2311 C
472 2248 598 2311 'rantum
620 2244 798 2329 perdullam
817 2244 874 2311 elle
892 2246 987 2322 vides,
1002 2249 1039 2310 ad
1055 2245 1149 2308 finem

264 2346 330 2395 non
344 2326 512 2413 perveniffe.
556 2328 686 2415 Qiodfi
712 2329 834 2394 Auctor
850 2328 976 2414 reliquas
1003 2328 1149 2408 alphabeti

265 2416 366 2481 literas
379 2414 621 2489 eadent-ratione
644 2415 778 2497 persequi
805 2413 1008 2477 constitutum
1029 2414 1149 2488 habuit,

265 2514 332 2563 non
348 2501 414 2583 jam
438 2517 503 2562 uno
525 2498 682 2575 alterove,
719 2499 766 2560 sed
780 2498 913 2579 pluribus
931 2499 1037 2581 utique
1057 2500 1150 2560 ronne

265 2598 343 2665 opus
362 2581 490 2665 fuiffet„
515 2578 640 2663 Gregrr.
666 2578 735 2644 Leti
766 2580 857 2649 Parte
884 2578 941 2643 nt.
967 2580 1064 2644 ltaliae
1087 2580 1150 2641 Re-

267 2668 388 2747 gnantis
398 2686 428 2747 p.
444 2682 512 2743 379.
523 2665 660 2741 testatur,
680 2665 811 2729 relatum
823 2664 879 2729 -fibi
893 2662 961 2739 elle,
977 2667 1059 2729 brevi
1071 2663 1151 2736 fore,

259 2758 303 2815 ''ut
314 2751 493 2825 secundum,
504 2751 644 2825 tertium,
663 2761 824 2831 quartum,
839 2750 995 2836 quintum,
1013 2749 1149 2822 sextum,

268 2835 334 2901 imo
347 2831 434 2914 plura
461 2833 618 2897 volumina
643 2833 676 2896 in
704 2830 807 2898 lucem
831 2833 1035 2914 proferantur.
1082 2831 1150 2895 Vo-

268 2915 373 3000 luinen
396 2914 568 2980 Secundum
591 2915 700 2998 allegat
722 2916 920 2990 Libanorinr,
938 2919 1051 2990 Abbas,
1074 2915 1150 2978 Par-

270 3014 301 3071 te
330 2997 390 3061 Ill.
413 2998 550 3064 Ferrarae
580 3000 693 3062 Aureae
725 3022 754 3082 p.
782 3020 831 3081 59.
856 2999 928 3063 teste
951 3002 1058 3062 eodem
1083 2999 1151 3061 Leti

269 3082 331 3155 l.‚e.
351 3084 402 3163 qui
419 3083 449 3145 δι
464 3084 561 3173 οωᾙε
582 3084 618 3145 ab
637 3104 674 3147 eo
697 3085 876 3168 usurpatum
891 3083 964 3145 illud
982 3129 991 3159 ,
1011 3087 1152 3165 quamvis

268 3166 439 3249 rilindem,
455 3164 538 3228 fuine
554 3167 729 3250 suspicetur.
774 3168 875 3231 Manu
889 3167 961 3231 illud
989 3181 1150 3229 exaratum

269 3246 383 3336 tristare
397 3251 475 3330 apud
486 3248 580 3315 Italos
596 3252 726 3314 dubitari
741 3274 806 3317 non
829 3252 935 3333 potest.
960 3251 1048 3314 Nam
1060 3248 1152 3313 Chri-

257 3326 374 3423 stiannt
386 3329 712 3414 llverphilnsUngerrrs,
725 3335 1037 3425 lpaemplrre‚Palior
1052 3354 1153 3417 quon-

269 3411 340 3473 dam
365 3432 397 3475 in
419 3416 521 3493 silesia,
547 3415 903 3484 Herrcnlaurl'chizienlis
934 3417 1154 3485 meritillnnnr,

1113 3522 1154 3564 etr
