2742 4242
271 391 350 463 ιω
477 372 1036 466 aratrornaca'

286 511 465 660 asprofiana,
488 515 568 599 quod
596 530 756 599 propterea
787 534 852 579 non
890 515 992 579 censui
1023 514 1175 580 omitten-

310 619 374 664 um.
581 660 586 673 ,
738 624 742 629 ·

330 681 392 747 Hic
417 680 623 760 colophonem
647 682 807 764 imponere
830 693 970 765 poteram
998 681 1093 757 libro,
1125 681 1175 766 qui

284 763 401 848 justum
430 767 462 827 in
485 763 585 827 l'orma
609 766 781 829 duodecimi
800 768 917 843 ordinis,
927 763 1081 828 volumen
1104 784 1177 830 con·

290 846 369 923 ficit,
391 849 508 932 inqua,
530 852 758 929 cumprimum
780 852 809 912 id
832 851 958 913 scribere
972 849 1177 937 instituerem,

290 931 521 995 exscribendum
537 933 608 996 illud
630 933 807 1000 statuebam.
833 933 1018 1015 Qtoniam
1040 952 1120 1001 vero.
1129 952 1178 1015 ge·

291 1012 492 1081 nerofislrmus
521 1013 628 1094 Gearg.
655 1016 750 1078 Nical.
782 1018 921 1091 Canania,
953 1018 1006 1080 cui
1030 1017 1178 1098 imprimi:

291 1098 392 1162 multa
412 1099 498 1161 debet
521 1098 558 1161 F.
576 1098 742 1180 Angelirus,
767 1101 865 1162 adbuc
886 1097 1086 1176 desideratur,
1118 1118 1176 1165 non

291 1181 493 1264 exspedianda
508 1183 585 1247 mihi
600 1183 719 1246 videtur
734 1183 805 1246 Pars
820 1181 863 1244 ll.
877 1184 931 1267 qui
942 1184 1097 1260 nesciam,
1108 1202 1186 1257 num,

176 1262 179 1275 '
291 1266 327 1329 ad
349 1267 536 1328 scribendam
552 1267 678 1331 illam&
705 1286 743 1329 ex
760 1266 845 1349 prelo
863 1266 1097 1348 producendam
1119 1268 1176 1330 satia

294 1348 373 1411 mihi
389 1351 462 1412 vitae
482 1348 518 1412 lit
543 1349 751 1416 suffecturum.
793 1350 901 1434 Itaque
923 1348 1006 1414 illius
1029 1350 1175 1437 hocloco

292 1434 405 1499 faciam
426 1434 628 1498 mentionem.
1147 1464 1151 1473 ·

654 1579 855 1649 xnu.1
1054 1644 1057 1649 ,
1211 1630 1213 1635 .

325 1710 838 1799 Joanuasnrcon
883 1711 1147 1792 cavana

335 1862 485 1930 Patricius
512 1860 692 1929 Genuenfis.
735 1863 954 1943 Numerandus
972 1863 1036 1929 hic.
1052 1863 1172 1928 estium
1202 1934 1205 1939 ,

294 1964 674 2111 tillir-tratiil.
686 1947 909 2095 miliebri
931 1946 1174 2096 {librili

293 2115 374 2187 buit,
399 2129 434 2179 ut
451 2117 568 2193 semper
583 2113 634 2178 sibi
654 2115 833 2194 praesentem
853 2115 961 2176 habere
982 2130 1122 2200 cuperet.
1148 2111 1172 2173 l·

293 2208 384 2275 taque
398 2215 454 2256 nec
470 2215 564 2259 unam
580 2197 802 2260 hebdomadem
820 2200 899 2263 abire
925 2196 1027 2276 pafl'us
1045 2199 1100 2275 eil,
1128 2212 1171 2279 qut

294 2275 394 2340 literas
407 2277 469 2360 ejus
483 2298 546 2341 non
559 2281 682 2342 viderer.
726 2281 797 2343 Nec
809 2284 968 2357 intererat,
989 2279 1055 2346 sive
1069 2283 1171 2353 haberet

295 2363 378 2445 quod
398 2364 551 2438 scriberet,
573 2361 631 2425 five
651 2365 771 2427 minus:
795 2367 864 2429 satia
883 2364 1031 2441 habebat,
1057 2363 1170 2429 fidest-

293 2446 360 2509 lute
381 2447 454 2528 ejus,
477 2447 562 2525 cujus
586 2462 649 2511 erat
676 2447 911 2522 studiofillrmuS,
938 2453 1066 2514 ¹certior
1093 2447 1168 2512 ficret

295 2528 369 2593 ldeo
397 2531 555 2595 Ciceronis
577 2533 755 2613 eremplum
784 2550 952 2613 proponere
983 2534 1115 2610 solebat,
1136 2531 1171 2594 lb

295 2613 355 2677 VI.
379 2635 426 2697 ep.
451 2616 498 2676 16.
515 2617 551 2676 ad
569 2614 717 2678 Bafilium
732 2619 774 2679 ita
790 2616 961 2678 scribentis:
985 2617 1063 2680 Tibi
1082 2626 1170 2706 grata·

185 2695 193 2705 '
297 2696 355 2774 lar,
378 2697 451 2760 mihi
469 2700 602 2777 gaudeo:
624 2711 761 2762 trama:
784 2711 837 2760 tua
858 2709 960 2774 tuear3
984 2697 1005 2762 ἃ
1025 2715 1056 2764 te
1078 2715 1169 2767 amarti

297 2782 345 2856 fii,
368 2781 440 2860 quid
462 2800 544 2860 agas,
564 2781 689 2863 quidque
709 2781 768 2868 istic
786 2793 909 2861 agatur,
934 2786 1047 2848 certior
1054 2780 1125 2876 fieri
1135 2800 1168 2847 ae

297 2863 332 2926 la.
377 2865 457 2927 Vale.
502 2866 587 2928 Bene
609 2868 722 2930 scilicet
744 2864 927 2946 Symmachus
949 2867 1004 2933 lib.
1034 2870 1123 2952 Lep.
1140 2886 1168 2942 tl

260 3008 262 3015 ,
297 2951 418 3028 Agorio
433 2949 620 3012 Praetextato
638 2952 755 3014 scribit:
779 2949 928 3012 Scribendi
943 2951 1084 3018 brevitas
1098 2948 1167 3030 neap}

286 3031 426 3118 fastidia,
451 3051 539 3107 quam
565 3031 654 3113 afficio
679 3034 727 3117 est.
774 3035 859 3097 Cum
875 3033 978 3098 noster
1011 3041 1029 3121 (
1043 3032 1167 3113 Carraria}

297 3116 417 3179 Andrea
443 3111 581 3195 Raffla'tta,
614 3117 851 3192 Mondoviense,
875 3118 905 3180 dt
928 3118 1169 3207 congregationi

297 3199 328 3262 S.
355 3200 499 3263 Bernardi
526 3197 717 3263 Reformatae
743 3200 919 3272 Monacho,
948 3202 1030 3270 Viro
1057 3207 1168 3273 marume

298 3285 446 3363 ingenuo,
470 3283 657 3346 familiariter
671 3298 820 3359 uteretur,
843 3286 946 3366 ibique
962 3287 1003 3353 F.
1022 3289 1167 3372 Angelius

298 3366 470 3446 frequenter
486 3370 611 3440 videret,
635 3369 671 3430 ad
700 3368 782 3431 hunc
803 3371 992 3447 amandum,
1022 3372 1102 3441 illius
1115 3388 1167 3458 φῦ·

215 3472 219 3477 -
298 3442 319 3502 fi
335 3450 478 3533 exemplo
496 3454 660 3525 excitatus,
673 3451 743 3516 ferri
759 3453 786 3514 se
808 3451 906 3516 sensit.
935 3476 938 3483 ’
954 3456 1075 3546 Neque
1088 3468 1167 3524 tamti

298 3531 389 3594 ambo
411 3553 472 3598 una
490 3534 613 3600 suerunt
628 3549 712 3612 ante,
736 3555 830 3622 quam
845 3535 926 3611 illei
943 3537 1084 3611 Serenilil
1098 3543 1165 3605 Sett-
