2742 4242
510 389 891 460 PRAEFATIO.
1117 410 1142 455 v

256 512 422 588 ediderant,
433 508 640 576 Patronorum
660 514 784 576 suorum
793 511 930 576 constare
944 510 1057 592 legenti
1070 512 1140 591 pos·

255 596 307 660 set.
352 596 479 670 Taceo,
501 597 622 660 subinde
639 596 732 658 libros
750 596 859 658 adferri
877 597 1004 658 rariores
1017 595 1048 658 δι
1062 614 1139 677 pau·

252 678 375 744 ciffimis
392 680 548 760 cognitos,
571 681 601 742 δι
617 682 650 742 in
672 677 909 760 digreffionibus,
931 699 1063 744 unarum
1077 699 1138 742 no-

229 755 311 827 'ster
335 765 378 826 elt
405 759 638 839 amantiffimus,
668 782 704 823 ea
734 764 856 825 subinde
881 747 1137 840 commemorari,

251 867 388 930 quorum
410 848 550 928 cognitio
575 846 605 909 δι
630 847 767 932 jucunda
794 847 824 908 &
849 845 932 908 utilis
959 844 996 908 fit
1020 847 1135 912 fututa.

203 968 208 976 ·
248 927 358 1015 ltaque
381 950 447 994 non
467 929 546 992 male
570 933 681 993 mede
708 931 800 993 literis
817 932 1001 993 meriturum
1015 934 1136 1011 putavi,

249 1011 272 1075 fi
295 1016 598 1078 commentationem
621 1015 701 1077 hanc
726 1015 759 1076 in
780 1015 1030 1077 communiorem
1044 1016 1135 1081 usum

249 1099 451 1162 traducerem.

292 1181 460 1266 Reliquum
474 1179 529 1257 est,
552 1195 587 1244 ut
606 1181 740 1244 rationes
761 1179 822 1258 ejus
835 1179 974 1244 nonnihil
999 1184 1134 1248 curatius

248 1263 414 1329 edifferam.
461 1265 622 1346 Inscriptio
643 1263 750 1326 Italica
772 1265 839 1328 haec
866 1264 920 1328 est:
944 1263 992 1326 La
1021 1263 1133 1327 Biblio-

248 1358 312 1410 teca
345 1348 502 1496 Apffana
544 1347 712 1430 paffltempo
745 1345 914 1410 Antunnalc
944 1346 975 1408 di
1002 1348 1133 1438 Cornelio

247 1430 360 1514 Aspara
417 1430 593 1510 ntivigilmi‚
615 1444 665 1492 tra
681 1427 848 1504 Vagabondi
872 1430 904 1489 di
919 1429 1032 1492 Tabim
1056 1431 1133 1494 detto

247 1514 430 1596 l'Aggirato.
474 1514 537 1579 All
565 1510 796 1594 Illuslrifflmoe
826 1508 1035 1596 Generoiffimo
1063 1512 1127 1593 sig.

249 1595 315 1662 Gio.
334 1599 449 1662 Nicoli
477 1602 616 1669 (sovana,
637 1591 782 1655 Patrizio
812 1589 961 1674 Getroaese.
1010 1594 1047 1658 In
1069 1596 1131 1659 Bo-

246 1680 332 1759 logna
350 1693 405 1761 per
419 1681 441 1741 li
456 1675 611 1762 Monoleffi
638 1676 733 1753 1673,
762 1697 808 1738 η.
844 1677 864 1739 i.
887 1697 914 1741 e.
953 1676 1132 1743 Bibliotheca

246 1767 327 1843 Apro
338 1781 418 1839 rana,
448 1761 556 1826 Otium
578 1759 761 1824 Autumnale
782 1758 910 1824 Cornelii
932 1760 1043 1848 [ispali
1065 1763 1131 1829 An-

248 1843 404 1924 tioigilmi‚
426 1846 505 1910 inter
538 1843 728 1924 Vagabundos
749 1842 915 1924 Tabbieases
934 1847 1046 1910 nomine
1061 1850 1128 1933 Ag-

247 1931 348 2012 girato
367 1929 513 2010 appellati.
556 1928 607 1991 Aa
636 1927 783 2014 lllustrff
814 1927 867 2014 Ji.
899 1927 995 1993 Nicol.
1025 1931 1128 1997 Cava-

245 2031 328 2091 nam,
350 2011 521 2078 Patricium
548 2011 735 2099 Ganuensem.
779 2009 916 2076 Bononia
935 2023 990 2093 per
1015 2013 1129 2081 Mano-

244 2094 327 2180 lcffos.
374 2098 474 2173 Cave,
494 2100 609 2174 credas,
629 2118 682 2179 per
698 2099 736 2160 (ἃ.
760 2094 798 2159 A.
820 2094 1065 2175 Antivigilmium
1093 2118 1129 2164 a·

243 2180 322 2254 lium
339 2182 482 2266 intelligi,
503 2201 598 2268 quam
628 2179 779 2261 Agelicam
802 2180 963 2260 Aprustum.
1006 2183 1129 2249 Placuit

244 2265 348 2331 nostro
362 2267 544 2353 plerumque
565 2266 617 2329 sub
635 2263 713 2328 fictis
733 2263 879 2361 ejusmodi
894 2268 1069 2333 nominibus
1081 2266 1127 2332 la-

243 2363 319 2426 tere,
353 2352 433 2435 quod
458 2351 549 2433 paulo
573 2347 639 2433 post
658 2368 700 2412 ex
723 2361 786 2411 vita
808 2346 869 2430 ejus
893 2350 1051 2417 constabit.
1094 2352 1128 2419 1-

242 2434 332 2514 psum
346 2454 468 2520 quoque
483 2431 674 2511 Antioigilmi
696 2450 811 2496 nomen
835 2435 1126 2523 ἅγιγρςιμμιτικός

204 2548 207 2555 ’
243 2515 443 2597 Vintimiglia,
476 2538 545 2602 quae
568 2519 630 2602 ejus
656 2517 753 2599 patria
780 2513 834 2590 est,
862 2519 994 2579 exhibet.
1040 2517 1126 2587 Hinc

242 2600 360 2668 facium
380 2601 435 2678 est,
450 2617 485 2666 ut
501 2603 667 2685 Scriptores
682 2599 765 2675 itali,
787 2600 839 2683 qui
856 2597 893 2660 de
907 2597 1021 2682 Aprofio
1035 2620 1126 2667 com-

243 2687 371 2754 mentati
397 2688 479 2762 sunt,
501 2687 544 2750 illi
567 2684 620 2765 ipsi
640 2702 766 2765 operam
788 2683 868 2745 hanc
888 2693 1048 2761 acceptam
1066 2684 1125 2750 fer-

243 2782 321 2832 rent.
366 2768 495 2833 Interim
511 2769 613 2850 negari
633 2765 820 2862 nonpotest,
841 2778 911 2860 turn
931 2762 1124 2864 Introdutiia-

243 2869 412 3000 tilieti
431 2849 1127 3018 lllflsssstltiitt‘llllstituli:

243 3020 277 3081 so
291 3018 397 3099 cuique
411 3023 485 3086 alius
498 3020 605 3106 aliquis
625 3038 751 3099 operam
771 3018 849 3080 hanc
871 3015 985 3102 Aprofio
1008 3020 1122 3099 praesti-

242 3102 307 3169 tiffe
321 3102 414 3164 videri
426 3105 523 3185 polirt.
569 3103 690 3168 Auctor
713 3103 797 3165 enim
817 3102 958 3188 utrinque
974 3102 1122 3187 Aprustum

242 3188 296 3250 sub
311 3184 427 3249 Fratris
447 3186 575 3278 Angelici
596 3187 723 3251 nomine
751 3199 897 3273 tanquam
930 3186 1124 3258 hominema

229 3264 271 3338 ¹se
298 3267 474 3334 distinctum
501 3272 545 3335 fre
842 3352 847 3364 ι
932 3353 938 3365 θ

240 3355 317 3422 illius
331 3355 462 3436 gratiam
478 3355 538 3420 hoc
548 3294 659 3418 clabore
675 3354 702 3415 se
713 3351 849 3435 perfungi
866 3352 963 3417 tradit.
1006 3357 1084 3421 Acci

238 3441 271 3510 in
293 3437 473 3521 exemplum
493 3441 594 3518 verba,
610 3457 678 3524 quae
707 3457 737 3516 p.
750 3444 805 3500 ao.
830 3437 987 3518 leguntur:
1011 3380 1125 3523 coalif

674 3539 730 3599 Μ
1023 3535 1126 3593 tatum

1125 3698 1174 3762 J

567 3269 739 3335 uentillrme
762 3283 1005 3346 commemorat,
1032 3272 1061 3337 δι
1090 3277 1123 3349 in
