2742 4242
295 402 355 463 za
488 366 1014 458 araneornraa

296 538 300 545 ·
344 534 373 592 3.
396 510 417 553 *
430 508 538 576 'Numi
559 506 710 573 militares.
762 506 880 572 Poe'ma
905 505 1173 578 Heroicornicurn.

299 595 411 662 Vener.
428 615 480 677 per
494 593 618 677 Juntas,
638 594 732 671 1640,
748 593 780 654 in
798 596 827 654 8.

341 703 371 758 4.
394 679 462 741 Rex
475 675 613 761 expulsus.
639 676 810 740 Mediolani
824 694 876 759 per
891 670 1069 755 Ghisolfos,
1086 682 1172 760 ¹⁶4ar

298 765 332 827 ih
350 784 397 826 12.
1130 806 1133 811 -

341 865 369 924 5.
392 844 459 907 Rex
479 843 642 925 Tyrannus.
688 842 764 906 Ibid.
791 844 1006 924 pereundam,
1034 847 1128 927 1642,
1145 851 1174 913 in

300 950 347 992 12.
371 935 465 993 recul.
483 930 604 993 Romae
623 929 729 992 eadem
749 925 861 991 forma.

311 1032 325 1057 ·-·
339 1014 370 1076 6.
395 1010 553 1096 castigatio
567 1011 697 1099 injrrsla3
731 1007 809 1087 five,
821 1024 880 1073 tres
895 1010 1002 1076 fratres
1015 1015 1131 1099 expulfi
1140 1020 1171 1081 ab

297 1093 450 1160 Hebraeis.
496 1097 570 1158 lbid.
596 1115 648 1178 per
663 1095 835 1170 Monam,
855 1095 950 1173 1657,
972 1097 982 1158 i
1025 1119 1076 1163 12.

338 1192 368 1257 7.
393 1178 573 1259 Triumphus
597 1178 802 1243 Paenitentiae.
854 1176 929 1241 lbid.
957 1116 1053 1261 idio,
1073 1186 1170 1249 12.&

297 1261 418 1328 Romae
428 1284 480 1345 per
494 1261 628 1347 Joseph.¹
639 1263 795 1338 Corvum,
810 1273 847 1324 ut
866 1264 964 1346 supra.
1083 1302 1086 1309 -

235 1362 237 1367 ·
340 1354 369 1412 8.
394 1345 535 1410 Daviriae
569 1349 744 1411 Cartemtae.
788 1345 906 1410 Ibidem
930 1365 984 1428 per
1000 1345 1170 1427 Ghisolfos,

299 1432 337 1494 16
364 1437 396 1507 8,
417 1433 450 1495 in
469 1454 516 1495 12.

340 1450 403 1595 d*
427 1514 592 1597 Cleopatra,
614 1513 736 1578 Drama
747 1510 907 1578 Mulrcum
922 1512 1015 1578 Marii
1027 1511 1174 1584 'Hedlorir

297 1597 490 1664 Korobellae.
534 1598 590 1663 Per
601 1597 772 1685 Monzam,
795 1603 883 1676 1653·

317 1696 389 1746 ro.
412 1677 592 1761 Paenitude,
619 1703 695 1747 cum
728 1681 895 1745 monialem
919 1682 1070 1747 indueret
1107 1684 1171 1751 Dn.

296 1762 433 1832 Marfilia
450 1767 596 1849 Basgape.
637 1766 695 1845 Per
707 1766 855 1846 eundem,
878 1763 974 1844 1654,
989 1767 1025 1830 in
1045 1787 1094 1832 η.

342 1870 389 1914 ιι.
411 1848 562 1932 Speculum
583 1850 752 1913 animarum
777 1849 990 1935 religieſseram,
1011 1851 1084 1915 h.e.
1105 1852 1171 1918 via

289 1933 336 1998 ·Β.
358 1933 549 2012 veronicae,
589 1930 737 1998 Monialis
765 1932 945 1997 Monasterii
969 1936 1000 1998 S.
1017 1930 1171 2002 'Marthae

295 2015 551 2095 Mediolanenfis,
589 2018 778 2104 descriptae
812 2016 926 2082 Carolo
958 2017 1082 2085 Torre.
1120 2022 1170 2087 Per

294 2099 579 2178 Monzam,1652,
601 2104 632 2164 in
642 2109 676 2161 ·8.

338 2202 387 2244 re.
411 2183 575 2261 Peregrina
589 2183 731 2259 exaltata,
747 2182 806 2248 five
820 2185 939 2270 Regina
953 2186 1080 2268 Ellher,
1095 2191 1166 2256 Dra·

291 2282 343 2328 ma
360 2267 523 2330 scenicum.
568 2268 660 2347 Apud
674 2269 819 2344 eundem,
837 2272 931 2349 1656,
956 2274 1055 2337 inre.

337 2369 371 2427 13
398 2348 583 2416 Mariamere.
627 2352 749 2415 Drama
778 2355 939 2417 Scenicum
971 2355 1094 2421 Clearti
1113 2354 1162 2420 Ra.
1208 2364 1210 2369 '

292 2431 427 2512 Ticini,
453 2454 508 2516 per*
526 2435 620 2518 Joan.
646 2438 744 2501 Andr.
769 2432 897 2520 Magri,
928 2441 1036 2518 1666,
1060 2443 1093 2504 in
1124 2460 1161 2501 12.

293 2519 414 2601 (omnia
434 2516 519 2605 Ital.)

332 2603 495 2667 Nonnulla
511 2606 622 2667 horum
645 2604 702 2668 alia
724 2607 845 2691 quidem
870 2609 1002 2671 nomina
1026 2610 1159 2683 referunt,

292 2688 340 2749 sed
355 2690 461 2750 omnia
475 2701 578 2751 tamen
597 2690 878 2768 praestantiffimum
895 2691 1050 2757 Turaium
1064 2694 1160 2767 habent

291 2769 463 2847 auaorem,
486 2773 518 2834 in
538 2774 623 2849 cujus
637 2772 758 2837 laudem
781 2770 930 2840 suffecerit
950 2778 1032 2841 mihi
1056 2776 1157 2849 affene,

290 2858 368 2935 q'uae
386 2854 515 2916 Ovidius
530 2855 754 2934 Manralbanus,
774 2861 821 2922 vir
838 2860 1030 2925 immortalis
1051 2880 1155 2925 memo

290 2938 364 3011 riae,
385 2939 422 3000 de
444 2958 481 3002 eo
506 2942 597 3002 tradit
611 2941 662 3004 lib'.
679 2940 723 3005 11.
745 2941 856 3007 Tra&
873 2941 916 3005 11.
933 2965 1005 3027 cap.
1036 2967 1065 3023 3.
1086 2944 1155 3008 Der
1204 2952 1210 3006 l

290 3019 432 3097 dralagiae
452 3023 532 3098 suae,
555 3024 605 3088 ubi
625 3024 662 3085 de
683 3024 815 3104 Cydonia
844 3027 889 3090 vel
911 3029 1047 3094 Cataneis
1062 3028 1154 3101 Maris,
1201 3047 1210 3087 a

291 3105 366 3170 Tit.
399 3103 527 3167 Fabulae
542 3130 573 3189 p.
592 3109 713 3184 563.ex
728 3108 886 3175 oecafione
905 3115 1056 3180 versuum
1079 3113 1154 3189 Cdo·
1199 3117 1210 3173 l

280 3188 443 3276 semeleidis
457 3209 564 3253 aureae
582 3188 762 3256 disertillrmi
776 3193 882 3272 Legati
895 3213 927 3259 n.
941 3218 978 3277 4¹
987 3199 1020 3265 6.
1114 3200 1118 3207 ’

331 3354 429 3420 Arma
442 3366 537 3420 tamen
553 3357 640 3436 Taga-
651 3357 757 3434 vineit,
781 3356 832 3417 abi
835 3358 988 3442 facundia
1005 3360 1141 3430 TURRl

375 3437 509 3516 Regnat,
532 3443 567 3525 &a
581 3443 612 3507 in
630 3442 711 3514 dura
725 3440 844 3533 eaneiair
855 3441 920 3507 alta
933 3446 1028 3531 Toga.

1199 3212 1210 3257 r

1196 3276 1210 3342 i

1198 3380 1208 3444 q

1198 3460 1208 3501 l

1123 3618 1151 3676 ira
