2742 4242
249 410 318 509 '²24²
444 386 566 469 ΒΗ
586 390 707 470 LIO
731 392 869 466 THE
890 402 918 467 C
940 403 977 467 A

353 604 356 609 ¹
432 525 495 591 'Ab
507 524 602 592 eadem
617 523 743 592 themata
761 546 818 592 aaa
842 524 961 614 recedit„
1093 515 1097 535 ²

594 690 801 776 Epigramma.

183 888 187 897 ·
267 864 371 930 Cerno
431 872 466 924 ot
479 859 530 927 hic
544 861 659 944 scriptis
673 862 833 927 numerosa
849 862 1013 926 volumina
1027 861 1129 934 chartis,

307 945 381 1011 Tot
416 944 479 1010 ocii
488 946 537 1009 hic
559 947 642 1011 Coeli
657 949 769 1031 Sydera
784 945 878 1010 adeffe
899 967 1028 1010 canam.

266 1028 393 1110 Am'grlus
410 1030 459 1105 illa
472 1030 587 1092 etenim
599 1030 681 1114 vigili
700 1029 830 1094 custodit
846 1030 962 1094 ocello:

309 1115 426 1179 Nonne
441 1132 553 1180 vocem
568 1114 634 1180 haee
648 1112 796 1193 stellanti
810 1112 940 1193 Angelus
954 1112 1047 1178 Astra
1062 1105 1129 1193 regit?

492 1269 601 1346 vEidem
616 1280 737 1348 imdarrt
759 1278 920 1345 Lemmati.

599 1444 803 1531 Epigramma.

260 1610 421 1679 nxtrutn
429 1616 462 1682 in
478 1613 822 1699 Loculos,Cuneosque
837 1612 986 1678 armaria
1000 1610 1096 1699 pure,

310 1696 517 1788 Pegmataque
539 1701 589 1764 hic
609 1700 711 1775 video,
727 1698 826 1763 multa
840 1698 951 1762 referta
976 1697 1083 1780 Soph'v.

270 1778 332 1845 Hic
352 1797 468 1848 armata
480 1783 610 1858 Scholia,
623 1781 714 1846 dolia
732 1782 813 1863 viget
822 1779 936 1862 AEgide
950 1780 1060 1859 Pallas,

312 1865 450 1932 Occidet
464 1870 496 1932 in
510 1865 660 1932 Tumulis
676 1877 716 1931 'ut
736 1864 871 1930 Libitina
893 1866 963 1929 suis.

272 1947 334 2013 Hic
352 1948 458 2027 foruli,
480 1953 636 2038 pluresque
649 1951 757 2014 adsunt
767 1968 807 2012 ex
819 1948 927 2013 ordine
938 1948 1031 2028 Nidi,

277 2103 279 2107 y
315 2033 353 2095 ln
366 2036 473 2116 quibus
487 2035 566 2100 haud
581 2055 659 2098 unus
677 2028 848 2096 nidificavit
873 2031 970 2096 Olor.
1081 2092 1090 2119 ,

272 2112 312 2178 In
327 2113 561 2182 Loculamentis
581 2119 633 2202 qui
652 2118 766 2180 barbita
791 2115 891 2200 pulsat
913 2116 1039 2205 amicin¹

313 2195 501 2284 Vidiumque
515 2202 546 2262 in
574 2203 664 2265 iunus
688 2202 825 2265 carmina
847 2212 935 2264 muta
960 2204 1066 2266 vibrat.

244 2294 246 2296 ·
271 2278 393 2346 Vallata
406 2282 457 2348 hic
474 2283 566 2347 denso
584 2282 728 2346 Libraria
749 2285 856 2351 codice
881 2282 1032 2365 splendet,

314 2364 457 2452 Tempus
479 2380 517 2432 ut
533 2380 648 2432 aeterno
661 2364 788 2434 Palladis
800 2369 869 2431 ense
882 2380 986 2432 necet.

273 2451 393 2517 Scilicet
405 2467 535 2517 aeternos
555 2453 695 2516 mansura
714 2453 840 2535 vigescit
854 2453 891 2514 ,in
911 2471 1011 2518 annos
1022 2477 1033 2527 3

316 2533 454 2617 Angelic'a
471 2537 550 2602 hanc
571 2538 687 2601 etenim
703 2538 800 2603 servat
812 2539 844 2601 in
861 2535 951 2600 Orbe
973 2553 1080 2602 manus.

275 2704 327 2768 Al
336 2705 457 2768 eundem
472 2705 511 2770 P.
529 2703 563 2768 F.
578 2703 748 2784 Angelicvm
762 2701 929 2789 Apraſsum,
945 2697 1111 2769 Philobivlm

317 2790 353 2852 ἐν’
373 2787 585 2865 Philomusum‚
601 2810 702 2853 mecam
713 2786 893 2867 Philologum
905 2789 1091 2854 amnibusmv·

484 2872 599 2937 ditioris
620 2872 748 2955 narraris
776 2870 949 2959 absolutum.

605 3040 809 3123 Epigramma.

277 3212 441 3296 Ingenium
462 3223 514 3274 tua
530 3228 642 3291 magna
661 3222 751 3277 tunm
766 3206 911 3273 Libraria
928 3208 1034 3287 librat,

320 3294 465 3374 Argelia,
485 3307 520 3356 ut
541 3296 675 3376 Magnus
690 3292 729 3356 fic
748 3292 931 3356 Philobiblus
952 3316 1033 3359 oves.

278 3380 362 3442 Hinc
383 3379 574 3442 Philomusus
592 3398 679 3454 ovas,
698 3377 838 3461 doctique
858 3379 1005 3460 cupidine
1029 3380 1093 3444 lunt

249 3518 251 3523 .
320 3463 419 3524 Odisti
441 3475 560 3526 auratas
584 3461 651 3542 plus
671 3463 816 3545 pretiosus
833 3458 932 3524 Oves.

273 3545 452 3614 Librorum
466 3545 626 3624 estana,
637 3544 805 3611 naneae&
826 3544 982 3667 'Apolline
999 3541 1106 3684 m²j⁰c¹1l
