2742 4242
263 428 287 475 x
501 396 902 474 PRJAEFA'TIO:

265 517 347 582 rium
377 514 408 580 S,
426 515 544 581 Mariae
558 514 577 576 ᾶ
592 514 782 594 Consolatione
801 515 943 590 dissum,
964 514 1141 581 tirocinium

266 619 319 684 per
332 612 459 664 annum¹
470 619 570 662 unum
584 597 746 681 positurus,
762 604 792 665 se
805 599 952 674 contulit,
963 599 1072 660 ibidem
1087 618 1143 676 po-

267 682 328 744 stea
353 703 405 766 per
427 685 587 764 biennium
610 683 770 766 integrum>
792 696 1013 750 commoratus.
1060 680 1143 743 Hinc

267 763 355 827 Senos
382 764 534 848 profectus
570 768 602 830 in
629 766 819 832 Monasterio
843 767 873 830 S.
903 762 1059 844 Augustini
1093 766 1145 826 sex

270 849 373 931 exegit
388 870 496 927 annos,
512 849 712 914 eruditissimis
729 895 739 927 ,
761 853 813 935 qui
830 853 868 914 ibi
887 852 1056 933 degebant,
1073 848 1145 910 viris

267 930 456 998 familiariter
468 934 546 1000 usus.
591 932 809 999 IndeMontem
821 934 854 998 δᾴ
868 932 972 998 bovini
986 930 1146 994 translatus

266 1013 494 1101 Philosophiam
515 1037 568 1099 pet
587 1020 744 1083 biennium
759 1017 901 1102 professus
914 1017 969 1095 est,
985 1016 1082 1100 ibique
1098 1016 1145 1076 in-

271 1101 413 1165 teriorem
435 1123 509 1166 cum
547 1101 615 1165 Pet.
645 1101 751 1166 Franc.
782 1102 944 1167 Minezzio
978 1099 1147 1163 amicitiam

268 1187 435 1248 contraxit.
479 1185 562 1248 Hinc
578 1183 713 1255 Genuum
726 1188 871 1263 reversus,
887 1187 1053 1270 triennium
1068 1185 1147 1245 inte-

270 1284 362 1412 qrum
390 1269 421 1333 bt
454 1269 644 1332 emendis&
675 1270 836 1335 scribendis
871 1269 953 1333 libris
989 1266 1148 1348 impendit.

290 1352 390 1416 bidem
397 1370 437 1414 ex
446 1351 571 1416 consilio
582 1351 778 1437 superiorum
792 1372 840 1418 an.
855 1348 1148 1429 MDCXXXVII.

255 1430 363 1498 ¹Prior
388 1438 553 1500 Conventus
573 1435 603 1498 S.
627 1434 745 1498 Mersus
768 1432 997 1518 Claraeoullenfis
1013 1432 1151 1507 electus,

271 1521 406 1583 recusata
421 1521 477 1584 hac
496 1522 657 1602 dignitate,
683 1522 837 1586 itineribus
854 1520 996 1584 iaciendis
1013 1518 1150 1593 vacavit,

274 1600 450 1671 &Venerius
499 1623 600 1690 uoque
621 1604 707 1667 vidit.
761 1603 823 1669 Hic
849 1625 923 1669 vero
946 1601 1150 1666 eruditionem

272 1676 359 1749 suam
373 1688 416 1751 ita
431 1625 582 1767 prohavit,
603 1700 653 1762 ut,
674 1686 775 1770 postea
784 1686 938 1772 digressus,
951 1704 1001 1749 an.
1014 1682 1149 1747 Mne.

273 1766 440 1831 xxxlx.
460 1791 497 1833 eo
520 1772 557 1832 ad
572 1770 671 1833 literas
691 1770 884 1835 humaniores
907 1774 940 1835 in
955 1771 1107 1832 Ganuenta
1117 1765 1150 1830 S.

243 1930 245 1933 Ι
271 1848 410 1929 Stephani
423 1851 569 1915 docendas
588 1865 762 1918 vocaretur.
806 1854 876 1923 Nec
890 1854 996 1916 abnuit
1011 1850 1151 1914 vocanti·

273 1932 344 2009 bus,
355 1953 517 2019 rerumque
532 1938 655 2000 suarum
672 1936 735 1998 sede
743 1935 867 2002 Venelli!
884 1932 1155 2009 fixaoccafionem

275 2014 384 2087 nauus
401 2019 457 2096 est,
482 2039 556 2084 cum
578 2022 650 2083 viris
666 2018 880 2094 eruditiffimis,
900 2018 1024 2081 &inter
1038 2017 1153 2080 bosad-

191 2100 196 2108 “
273 2103 373 2178 venia,
391 2103 547 2183 speciatim
563 2102 615 2189 Jo.
632 2102 748 2167 Frider.
769 2100 1072 2182 Gronnvio,=·aliisque
1085 2119 1154 2161 ver-

276 2183 369 2249 sandi.
405 2186 522 2250 -Exstat
538 2186 626 2271 hujus
643 2184 786 2250 Gronovii
807 2188 844 2250 ad
865 2182 1013 2270 Aprustum
1029 2182 1155 2264 epistola

276 2264 328 2333 Lu
350 2270 424 2340 duni
442 2269 635 2334 Batavorum
658 2288 707 2334 an.
729 2272 817 2349 1670.
838 2272 973 2351 scripta,
995 2269 1030 2330 in
1045 2265 1152 2330 Intro-

277 2350 318 2415 du
351 2355 479 2437 ionead
499 2352 705 2417 Bibliothecam
728 2353 913 2437 Aprosananr
943 2376 972 2437 p.
998 2370 1066 2430 ιςο.
1092 2353 1153 2435 seq.

319 2446 346 2497 ae
364 2438 395 2502 δι
413 2438 489 2500 ¹'alia'
504 2439 581 2502 scitu
603 2439 724 2520 digna,
757 2440 937 2504 &indicem
970 2438 1156 2523 scriptorum

320 2521 528 2585 ronovii-tum
549 2520 1154 2603 editorum,tumadfedtoruniquorun·

273 2602 587 2687 'damcompleslitun
631 2603 755 2670 Veneriis
765 2627 817 2687 per
834 2602 1056 2695 aliquot'a'nnos
1067 2620 1157 2664 com-

276 2698 442 2765 moratus,
473 2690 503 2754 bt
527 2709 545 2751 a
561 2687 675 2771 Spinola
691 2733 701 2766 ‚
722 2691 829 2754 oblatis
848 2692 962 2753 aditet
981 2686 1158 2760 faciendum

258 2768 311 2851 ,ἃ
326 2770 418 2836 libros
435 2773 654 2837 transferendos
670 2774 819 2837 sumtibus
838 2817 849 2850 ,
872 2774 910 2837 ad
925 2771 1054 2853 patriam
1071 2788 1155 2850 repe-

238 2923 244 2933 ·
275 2855 404 2918 tendam
421 2857 610 2933 sollicitatus,
636 2860 706 2922 usus
727 2854 985 2935 eilejusconsrlio,
1002 2855 1155 2938 idemque,

226 2952 240 2975 ⁸
275 2932 417 3002 Patrono
443 2939 495 3003 iilo
509 2940 563 3002 suo
581 2940 740 3017 defuneto,
757 2943 903 3022 variisque
914 2935 1157 3021 petitaliamlo·

275 3021 324 3083 cis
338 3035 409 3084 ante
428 3023 572 3100 salutatis,
588 3023 723 3105 perfecit.
772 3023 807 3085 ln
827 3023 1082 3107 patriamitaque
1106 3020 1159 3082 de-

276 3103 374 3179 latus,
395 3107 577 3190 tandemque
595 3107 731 3173 Vi'cariue
746 3103 908 3170 Generalis
930 3105 1159 3186 congregatio·

281 3189 327 3250 nis
348 3188 577 3270 Augustinianae
605 3187 776 3254 Genuenfis
800 3189 831 3253 S.
853 3190 992 3253 Mariaea
1007 3185 1157 3253 Consola-

279 3272 367 3334 tione
381 3273 563 3338 constitutus
580 3294 707 3355 operam
725 3276 819 3348 dedit,
829 3286 864 3337 ut
879 3273 1081 3337 Bibliotheca.
1094 3271 1159 3348 sua,

283 3353 389 3418 multis
403 3357 550 3420 sumtibus
575 3357 827 3423 &Patronorum
848 3357 1023 3421 liberalitate
1042 3373 1157 3434 conge·
1202 3398 1205 3407 -

278 3435 341 3516 sla,
365 3438 558 3507 Monastetio
580 3441 611 3508 S.
629 3441 748 3508 Murice
767 3462 790 3505 a
805 3439 1162 3526 Consolationededicare·

1097 3536 1160 3590 tur.
