2742 4242
468 302 916 455 eeeeoat'ente.
1084 370 1142 432 ης

257 469 391 534 minibus
408 464 517 535 sormae
542 467 670 532 minoris
693 488 726 546 4,
756 472 787 542 8,
815 468 913 543 12,&
935 469 981 533 16.
1000 471 1072 535 nihil
1095 471 1141 537 di·

256 570 339 616 carn.
381 552 423 617 Et
434 552 482 617 v'el
502 551 542 618 sic
560 568 662 614 tamen
675 551 831 633 (quamvis
849 567 913 615 turn
930 556 1055 635 egregiis
1067 574 1141 636 ope·

258 636 338 704 ribus
358 638 541 701 excudendis
564 636 721 699 thesauros
741 637 945 719 impenderit)
967 657 1041 700 cum
1064 637 1107 700 Bi
1125 675 1139 686 -

256 718 305 782 vie
318 720 493 806 comparati
509 736 572 784 non
584 717 692 801 potest.
738 719 831 802 Qtod
842 740 915 783 vero
935 722 972 782 ad
983 722 1137 787 conditio·

253 820 325 872 nem
349 808 478 878 attinet,
501 802 648 866 Hieratus
672 802 796 889 quidem
812 806 938 867 senator
958 820 1022 868 erat
1036 807 1138 870 Colo·

249 885 375 963 niensis,
399 887 428 951 δι
450 884 578 955 Blenina
594 884 757 950 Scabinnm
777 888 883 969 agebat
905 889 1137 967 Amilelodami,

272 990 321 1033 ute
336 990 402 1035 non
428 972 557 1035 minoris
577 970 730 1035 momen’ti
754 969 796 1032 cst
809 971 948 1053 dignitas.
965 970 1075 1039 Petras
1087 973 1138 1038 ille

250 986 430 1141 ZBlwius)
452 1056 539 1140 hujus
563 1052 663 1131 filius,
690 1057 741 1121 cui
762 1046 882 1134 Scioppt't'
910 1052 1136 1122 promtuarium

248 1137 418 1202 traditurus
432 1158 528 1216 eram,
552 1139 584 1202 in
603 1158 717 1220 magna
730 1152 794 1202 erat
814 1136 1040 1203 existimatione
1055 1143 1136 1222 apud

251 1216 401 1301 Casurum,
435 1235 510 1290 tunc
539 1222 708 1288 Toscaniae
731 1220 925 1303 Principem,
950 1240 1034 1286 nunc
1060 1222 1137 1287 Ma-

249 1321 351 1386 gnum
366 1304 504 1384 Ducem,
527 1308 638 1393 quade
658 1328 691 1370 re
716 1305 802 1388 supra
816 1304 975 1368 occasione
1000 1306 1134 1371 Dedica-

250 1388 344 1453 tionis
366 1391 401 1454 ad
421 1388 675 1456 humaniffimum
705 1386 966 1469 Magliabechium
994 1392 1134 1456 nonnihil

248 1470 367 1539 dietum
380 1474 432 1538 est.
478 1474 554 1559 Jam
579 1474 610 1534 in
631 1482 768 1534 mentem
786 1472 883 1544 venit,
909 1471 988 1554 quod
1003 1470 1133 1537 Andreas

248 1550 307 1615 Fri
314 1574 372 1635 eut,
395 1558 490 1623 frater
508 1555 644 1618 uterinus
666 1552 795 1641 Joannit
818 1551 847 1614 la
861 1551 1038 1643 Nomflmihi
1053 1561 1133 1622 ami·
1166 1619 1168 1623 .

247 1637 277 1703 ci
300 1643 370 1718 tmi,
390 1643 424 1721 in
438 1638 644 1703 Dedicatione
658 1636 796 1718 opusculi
812 1634 970 1699 Laurento¹
980 1636 1130 1718 Pinarii,

249 1720 407 1787 Canonici
428 1721 588 1786 Patavini:
611 1720 741 1801 Magne
764 1718 866 1782 Deiier
888 1719 993 1783 mattis
1006 1721 1084 1795 Idea
1097 1725 1134 1789 δ’

246 1803 362 1868 Attidis
377 1804 486 1881 Initia,
507 1806 588 1889 quod
603 1803 828 1869 Amstelodami
850 1804 1007 1884 luculente
1030 1810 1134 1873 recudi

247 1886 362 1961 fecerat
390 1909 443 1953 an.
466 1889 545 1974 ¹⁶⁶9
585 1890 617 1952 in
641 1912 673 1967 4.
697 1889 734 1950 ad
764 1908 837 1950 eum
858 1888 976 1967 scribit:
1008 1887 1049 1957 Su
1060 1894 1132 1972 cipe,

243 1968 352 2050 Petre,
374 1991 408 2034 ea
429 1971 629 2037 benevolentia
654 1972 752 2035 demon
778 1969 899 2048 ratione,
924 1988 981 2052 quet
1040 1992 1133 2055 agnus

244 2053 298 2130 ille
316 2054 430 2137 Magni
444 2054 580 2121 Etruria
595 2054 692 2120 Ducis
706 2052 795 2140 fiius
809 2064 837 2118 te
856 2066 949 2135 nuper
961 2053 1130 2137 excipiebat,

244 2136 317 2202 dum
329 2150 503 2221 perpetuum
517 2137 579 2224 fibi
595 2138 735 2203 Achatem
755 2137 787 2202 in
802 2137 912 2224 rurioſst
925 2136 1014 2201 Ursis
1028 2138 1131 2224 naslrae

243 2220 408 2308 vtfitatiene
423 2219 473 2307 effe
485 2221 609 2301 valebat,
629 2224 689 2289 &a

286 2305 359 2388 Sed,
380 2320 416 2372 ut
429 2308 467 2371 ad
481 2305 657 2375 institutum
676 2318 824 2383 revertar,
845 2304 1071 2393 Premtetarieem
1093 2308 1130 2373 il-

242 2386 296 2455 lud
315 2410 475 2475 nunquam
498 2392 601 2457 lucem
618 2391 739 2456 videbit.
783 2388 951 2467 Pieracciat
965 2392 1051 2452 enim
1065 2391 1130 2454 Ca-

243 2470 334 2554 lepino
346 2477 569 2540 detrimentum
593 2472 701 2543 afferte
725 2470 873 2547 noluerit,
893 2469 970 2533 alter
984 2490 1059 2535 vero
1081 2472 1131 2538 ille

242 2558 373 2635 amicus,
393 2561 427 2623 in
447 2558 533 2643 cujus
549 2557 655 2622 itidem
668 2554 710 2619 est
726 2554 885 2641 manibus,
900 2556 1078 2635 permittet,
1092 2570 1130 2622 ut

241 2640 312 2725 post
339 2630 462 2708 ob'itum
493 2642 584 2705 suum
609 2641 668 2706 levi
697 2638 796 2721 pretio
819 2637 919 2703 tabaci
945 2635 1130 2707 institoribus

242 2726 423 2802 vendatur,
445 2725 528 2811 quod
549 2725 665 2807 scriptis
692 2720 778 2795 aliis,
807 2721 908 2801 minus
930 2720 994 2782 vita
1017 2722 1129 2805 dignis,

241 2811 300 2873 usu
315 2771 426 2874 venisse
455 2805 586 2875 constat.
631 2805 801 2869 Librorum
816 2802 950 2877 interest,
978 2817 1015 2868 ut
1028 2805 1129 2874 fausto

242 2886 336 2955 fidere
349 2894 522 2957 nascantur.
567 2888 655 2964 Fuit,
676 2887 729 2974 qul
746 2899 817 2949 ante
831 2886 868 2952 Ρ.
885 2884 1065 2973 Ambrosiam
1089 2888 1129 2954 fi·

242 2972 313 3039 mili
343 2974 484 3040 instituto
518 2992 648 3038 manum
677 2973 864 3036 admoveret.
910 2969 1068 3036 Habemus
1094 2976 1127 3038 in

242 3053 404 3141 Apeostena
431 3056 469 3123 F.
498 3055 645 3147 Joanneen
671 3052 799 3121 Balbum
823 3054 875 3140 (a)
913 3049 1127 3208 Genugnrsiem,

1075 3158 1131 3207 mle

284 3340 326 3415 (a)
349 3331 485 3426 Illealias
510 3332 664 3428 appellauit·
676 3284 860 3425 Joannnet‘dt·
872 3331 986 3421 Janue,
1000 3331 1042 3423 “de
1063 3358 1129 3431 (1¹¹⁰,

240 3420 307 3479 ut&
315 3412 372 3472 hoc
384 3430 444 3489 ejus
453 3411 585 3473 catholeco
595 3414 677 3493 plura
688 3411 772 3475 tradit
777 3413 909 3489 Qettfius
916 3410 1131 3491 macnptonsu,

239 3492 362 3575 prdjnie
379 3488 593 3569 Ρήαῳπμ
604 3485 872 3648 del'ew'
887 3486 1019 3552 &Temo
1035 3495 1130 3642 nsi}
