<?xml version="1.0" encoding="UTF-8"?>
<!DOCTYPE html PUBLIC "-//W3C//DTD XHTML 1.0 Transitional//EN"
    "http://www.w3.org/TR/xhtml1/DTD/xhtml1-transitional.dtd">
<html xmlns="http://www.w3.org/1999/xhtml" xml:lang="en" lang="en">
 <head>
  <title>
</title>
<meta http-equiv="Content-Type" content="text/html;charset=utf-8" />
  <meta name='ocr-system' content='tesseract 3.04.00' />
  <meta name='ocr-capabilities' content='ocr_page ocr_carea ocr_par ocr_line ocrx_word'/>
</head>
<body>
  <div class='ocr_page' id='page_1' title='image "bibliothecaapro00aprogoog_0051.png"; bbox 0 0 2742 4242; ppageno 0'>
   <div class='ocr_carea' id='block_1_1' title="bbox 442 379 1124 464">
    <p class='ocr_par' dir='ltr' id='par_1_1' title="bbox 442 379 1124 464">
     <span class='ocr_line' id='line_1_1' title="bbox 442 379 1124 464; baseline -0.001 -15"><span class='ocrx_word' id='word_1_1' title='bbox 442 379 909 449; x_wconf 65' lang='lat' dir='ltr'>..wnosrrrr-A.</span> <span class='ocrx_word' id='word_1_2' title='bbox 1089 404 1124 464; x_wconf 70' lang='lat'>33</span> 
     </span>
    </p>
   </div>
   <div class='ocr_carea' id='block_1_2' title="bbox 221 501 1122 923">
    <p class='ocr_par' dir='ltr' id='par_1_2' title="bbox 221 501 1122 923">
     <span class='ocr_line' id='line_1_2' title="bbox 237 501 1122 677; baseline -0.011 -24"><span class='ocrx_word' id='word_1_3' title='bbox 237 501 529 677; x_wconf 44' lang='lat' dir='ltr'>ngebrcibliclleisizgini,</span> <span class='ocrx_word' id='word_1_4' title='bbox 556 581 680 649; x_wconf 81' lang='lat' dir='ltr'><em>Ordinis</em></span> <span class='ocrx_word' id='word_1_5' title='bbox 699 580 761 649; x_wconf 74' lang='lat' dir='ltr'>FF.</span> <span class='ocrx_word' id='word_1_6' title='bbox 785 584 986 649; x_wconf 71' lang='lat' dir='ltr'>Eremitanum</span> <span class='ocrx_word' id='word_1_7' title='bbox 1008 581 1039 648; x_wconf 85' lang='lat' dir='ltr'>S.</span> <span class='ocrx_word' id='word_1_8' title='bbox 1057 536 1122 645; x_wconf 64' lang='lat' dir='ltr'>Au&#39;-</span> 
     </span>
     <span class='ocr_line' id='line_1_3' title="bbox 229 666 1121 757; baseline -0.007 -21"><span class='ocrx_word' id='word_1_9' title='bbox 229 672 359 755; x_wconf 84' lang='lat' dir='ltr'>gustinr&#39;,</span> <span class='ocrx_word' id='word_1_10' title='bbox 375 670 476 736; x_wconf 83' lang='lat' dir='ltr'>Caroli</span> <span class='ocrx_word' id='word_1_11' title='bbox 495 666 565 738; x_wconf 66' lang='lat' dir='ltr'>Vll.</span> <span class='ocrx_word' id='word_1_12' title='bbox 578 667 756 757; x_wconf 64' lang='lat' dir='ltr'>francorum</span> <span class='ocrx_word' id='word_1_13' title='bbox 773 668 864 749; x_wconf 81' lang='lat' dir='ltr'>Regis</span> <span class='ocrx_word' id='word_1_14' title='bbox 891 668 911 730; x_wconf 78' lang='grc' dir='ltr'>(ὶ</span> <span class='ocrx_word' id='word_1_15' title='bbox 931 667 1027 731; x_wconf 86' lang='lat' dir='ltr'>Sacris</span> <span class='ocrx_word' id='word_1_16' title='bbox 1044 668 1121 731; x_wconf 83' lang='lat' dir='ltr'>Corr-</span> 
     </span>
     <span class='ocr_line' id='line_1_4' title="bbox 221 750 1121 923; baseline -0.003 -101"><span class='ocrx_word' id='word_1_17' title='bbox 221 755 414 919; x_wconf 41' lang='grc' dir='ltr'>ῧ-ἑβὲπὲξὶηὲ,</span> <span class='ocrx_word' id='word_1_18' title='bbox 429 750 635 923; x_wconf 45' lang='lat' dir='ltr'>{mamm</span> <span class='ocrx_word' id='word_1_19' title='bbox 646 750 842 839; x_wconf 77' lang='lat' dir='ltr'>Philosophia.</span> <span class='ocrx_word' id='word_1_20' title='bbox 887 750 959 817; x_wconf 91' lang='lat' dir='ltr'>MS.</span> <span class='ocrx_word' id='word_1_21' title='bbox 971 752 1004 815; x_wconf 89' lang='lat' dir='ltr'>in</span> <span class='ocrx_word' id='word_1_22' title='bbox 1018 770 1121 819; x_wconf 58' lang='lat' dir='ltr'>meme</span> 
     </span>
    </p>
   </div>
   <div class='ocr_carea' id='block_1_3' title="bbox 357 1001 995 1239">
    <p class='ocr_par' dir='ltr' id='par_1_3' title="bbox 357 1001 995 1239">
     <span class='ocr_line' id='line_1_5' title="bbox 641 1001 704 1069; baseline 0.032 -2"><span class='ocrx_word' id='word_1_23' title='bbox 641 1001 704 1069; x_wconf 88' lang='lat' dir='ltr'>rx.</span> 
     </span>
     <span class='ocr_line' id='line_1_6' title="bbox 357 1132 995 1239; baseline -0.006 -1"><span class='ocrx_word' id='word_1_24' title='bbox 357 1132 679 1239; x_wconf 64' lang='lat' dir='ltr'>&#39;nucusnruus</span> <span class='ocrx_word' id='word_1_25' title='bbox 707 1164 995 1239; x_wconf 62' lang='lat' dir='ltr'>morum-us</span> 
     </span>
    </p>
   </div>
   <div class='ocr_carea' id='block_1_4' title="bbox 221 1334 1127 2991">
    <p class='ocr_par' dir='ltr' id='par_1_4' title="bbox 221 1334 1127 2991">
     <span class='ocr_line' id='line_1_7' title="bbox 229 1334 1114 1422; baseline -0.002 -21"><span class='ocrx_word' id='word_1_26' title='bbox 229 1346 325 1422; x_wconf 77' lang='lat' dir='ltr'>natus</span> <span class='ocrx_word' id='word_1_27' title='bbox 369 1336 590 1406; x_wconf 76' lang='lat' dir='ltr'>Benaconventii</span> <span class='ocrx_word' id='word_1_28' title='bbox 616 1386 626 1418; x_wconf 87' lang='lat'>‚</span> <span class='ocrx_word' id='word_1_29' title='bbox 660 1334 850 1401; x_wconf 85' lang='lat' dir='ltr'>Montaicini</span> <span class='ocrx_word' id='word_1_30' title='bbox 885 1337 1041 1402; x_wconf 79' lang='lat' dir='ltr'>cucullum</span> <span class='ocrx_word' id='word_1_31' title='bbox 1065 1337 1114 1399; x_wconf 87' lang='lat' dir='ltr'>in-</span> 
     </span>
     <span class='ocr_line' id='line_1_8' title="bbox 227 1418 1115 1499; baseline -0.002 -15"><span class='ocrx_word' id='word_1_32' title='bbox 227 1423 323 1484; x_wconf 89' lang='lat' dir='ltr'>dutus</span> <span class='ocrx_word' id='word_1_33' title='bbox 345 1440 397 1497; x_wconf 79' lang='lat' dir='ltr'>an.</span> <span class='ocrx_word' id='word_1_34' title='bbox 415 1424 466 1489; x_wconf 92' lang='lat' dir='ltr'>M.</span> <span class='ocrx_word' id='word_1_35' title='bbox 483 1424 562 1489; x_wconf 87' lang='lat' dir='ltr'>Dc.</span> <span class='ocrx_word' id='word_1_36' title='bbox 575 1420 707 1487; x_wconf 87' lang='lat' dir='ltr'><strong>XXVI.</strong></span> <span class='ocrx_word' id='word_1_37' title='bbox 734 1440 890 1489; x_wconf 78' lang='lat' dir='ltr'>unacum</span> <span class='ocrx_word' id='word_1_38' title='bbox 918 1420 957 1483; x_wconf 88' lang='lat' dir='ltr'>F.</span> <span class='ocrx_word' id='word_1_39' title='bbox 983 1418 1115 1499; x_wconf 80' lang='lat' dir='ltr'>Angelico</span> 
     </span>
     <span class='ocr_line' id='line_1_9' title="bbox 229 1500 1118 1581; baseline -0.003 -13"><span class='ocrx_word' id='word_1_40' title='bbox 229 1504 282 1569; x_wconf 88' lang='lat' dir='ltr'>M.</span> <span class='ocrx_word' id='word_1_41' title='bbox 309 1504 347 1569; x_wconf 88' lang='lat' dir='ltr'>F.</span> <span class='ocrx_word' id='word_1_42' title='bbox 374 1506 498 1572; x_wconf 65' lang='lat' dir='ltr'>ociavit</span> <span class='ocrx_word' id='word_1_43' title='bbox 519 1504 656 1569; x_wconf 80' lang='lat' dir='ltr'>Martini</span> <span class='ocrx_word' id='word_1_44' title='bbox 681 1500 838 1580; x_wconf 83' lang='lat' dir='ltr'>d&#39;Oneglia</span> <span class='ocrx_word' id='word_1_45' title='bbox 857 1502 1010 1581; x_wconf 79' lang='lat' dir='ltr'>disciplina</span> <span class='ocrx_word' id='word_1_46' title='bbox 1033 1504 1118 1565; x_wconf 85' lang='lat' dir='ltr'>Senis</span> 
     </span>
     <span class='ocr_line' id='line_1_10' title="bbox 227 1582 1127 1669; baseline -0.009 -16"><span class='ocrx_word' id='word_1_47' title='bbox 227 1591 299 1653; x_wconf 90' lang='lat' dir='ltr'>usus</span> <span class='ocrx_word' id='word_1_48' title='bbox 313 1590 365 1653; x_wconf 91' lang='lat' dir='ltr'>est.</span> <span class='ocrx_word' id='word_1_49' title='bbox 411 1590 552 1669; x_wconf 90' lang='lat' dir='ltr'>Uterque</span> <span class='ocrx_word' id='word_1_50' title='bbox 565 1585 737 1648; x_wconf 84' lang='lat' dir='ltr'>amicitiam</span> <span class='ocrx_word' id='word_1_51' title='bbox 759 1597 939 1667; x_wconf 84' lang='lat' dir='ltr'>perpetuam</span> <span class='ocrx_word' id='word_1_52' title='bbox 963 1582 1013 1647; x_wconf 86' lang='lat' dir='ltr'>fibi</span> <span class='ocrx_word' id='word_1_53' title='bbox 1037 1604 1127 1667; x_wconf 83' lang='lat' dir='ltr'>prae-·</span> 
     </span>
     <span class='ocr_line' id='line_1_11' title="bbox 226 1666 1114 1746; baseline -0.006 -12"><span class='ocrx_word' id='word_1_54' title='bbox 226 1671 385 1746; x_wconf 85' lang='lat' dir='ltr'>stiterunt,</span> <span class='ocrx_word' id='word_1_55' title='bbox 410 1674 509 1735; x_wconf 90' lang='lat' dir='ltr'>donec</span> <span class='ocrx_word' id='word_1_56' title='bbox 535 1667 584 1731; x_wconf 89' lang='lat' dir='ltr'>ille</span> <span class='ocrx_word' id='word_1_57' title='bbox 604 1688 687 1731; x_wconf 88' lang='lat' dir='ltr'>anno</span> <span class='ocrx_word' id='word_1_58' title='bbox 717 1666 768 1732; x_wconf 88' lang='lat' dir='ltr'>M.</span> <span class='ocrx_word' id='word_1_59' title='bbox 784 1668 863 1733; x_wconf 89' lang='lat' dir='ltr'>DC.</span> <span class='ocrx_word' id='word_1_60' title='bbox 882 1666 1009 1732; x_wconf 85' lang='lat' dir='ltr'><strong>LXXI.</strong></span> <span class='ocrx_word' id='word_1_61' title='bbox 1026 1668 1114 1731; x_wconf 90' lang='lat' dir='ltr'>incli-</span> 
     </span>
     <span class='ocr_line' id='line_1_12' title="bbox 225 1751 1114 1837; baseline -0.002 -20"><span class='ocrx_word' id='word_1_62' title='bbox 225 1769 324 1817; x_wconf 87' lang='lat' dir='ltr'>nante</span> <span class='ocrx_word' id='word_1_63' title='bbox 344 1756 427 1816; x_wconf 91' lang='lat' dir='ltr'>diem</span> <span class='ocrx_word' id='word_1_64' title='bbox 451 1752 560 1816; x_wconf 91' lang='lat' dir='ltr'>obiret.</span> <span class='ocrx_word' id='word_1_65' title='bbox 600 1751 639 1815; x_wconf 88' lang='lat' dir='ltr'>In</span> <span class='ocrx_word' id='word_1_66' title='bbox 655 1753 839 1816; x_wconf 81' lang='lat' dir='ltr'>meditando.</span> <span class='ocrx_word' id='word_1_67' title='bbox 848 1766 912 1815; x_wconf 84' lang='lat' dir='ltr'>tam</span> <span class='ocrx_word' id='word_1_68' title='bbox 924 1751 1030 1819; x_wconf 84' lang='lat' dir='ltr'>subtile</span> <span class='ocrx_word' id='word_1_69' title='bbox 1040 1773 1114 1837; x_wconf 88' lang='lat' dir='ltr'>pro·</span> 
     </span>
     <span class='ocr_line' id='line_1_13' title="bbox 227 1832 1111 1912; baseline 0 -13"><span class='ocrx_word' id='word_1_70' title='bbox 227 1839 321 1899; x_wconf 85' lang='lat' dir='ltr'>babat</span> <span class='ocrx_word' id='word_1_71' title='bbox 347 1837 377 1899; x_wconf 91' lang='lat' dir='ltr'>in</span> <span class='ocrx_word' id='word_1_72' title='bbox 400 1837 571 1912; x_wconf 89' lang='lat' dir='ltr'>enium,ut,</span> <span class='ocrx_word' id='word_1_73' title='bbox 596 1834 617 1897; x_wconf 88' lang='lat' dir='ltr'>fi</span> <span class='ocrx_word' id='word_1_74' title='bbox 636 1837 842 1901; x_wconf 83' lang='lat' dir='ltr'>adducendos</span> <span class='ocrx_word' id='word_1_75' title='bbox 861 1837 936 1901; x_wconf 84' lang='lat' dir='ltr'>aiios</span> <span class='ocrx_word' id='word_1_76' title='bbox 951 1832 1111 1900; x_wconf 77' lang='lat' dir='ltr'>fuissiztad·</span> 
     </span>
     <span class='ocr_line' id='line_1_14' title="bbox 227 1856 1112 2005; baseline 0.002 -24"><span class='ocrx_word' id='word_1_77' title='bbox 227 1920 356 1994; x_wconf 89' lang='lat' dir='ltr'>hibitus,</span> <span class='ocrx_word' id='word_1_78' title='bbox 378 1856 586 2002; x_wconf 58' lang='lat' dir='ltr'>ingenium</span> <span class='ocrx_word' id='word_1_79' title='bbox 608 1920 636 1983; x_wconf 83' lang='lat' dir='ltr'>se</span> <span class='ocrx_word' id='word_1_80' title='bbox 658 1920 844 2005; x_wconf 85' lang='lat' dir='ltr'>praestiturus</span> <span class='ocrx_word' id='word_1_81' title='bbox 858 1918 979 1996; x_wconf 85' lang='lat' dir='ltr'>fuiss&#39;et,</span> <span class='ocrx_word' id='word_1_82' title='bbox 1002 1940 1112 2003; x_wconf 83' lang='lat' dir='ltr'>quum,</span> 
     </span>
     <span class='ocr_line' id='line_1_15' title="bbox 226 2002 1111 2089; baseline -0.002 -20"><span class='ocrx_word' id='word_1_83' title='bbox 226 2004 281 2085; x_wconf 91' lang='lat' dir='ltr'>qui</span> <span class='ocrx_word' id='word_1_84' title='bbox 307 2002 405 2069; x_wconf 84' lang='lat' dir='ltr'>altum</span> <span class='ocrx_word' id='word_1_85' title='bbox 427 2005 539 2070; x_wconf 85' lang='lat' dir='ltr'>tollunt</span> <span class='ocrx_word' id='word_1_86' title='bbox 549 2005 751 2085; x_wconf 86' lang='lat' dir='ltr'>supercilium.</span> <span class='ocrx_word' id='word_1_87' title='bbox 797 2004 883 2069; x_wconf 93' lang='lat' dir='ltr'>Cum</span> <span class='ocrx_word' id='word_1_88' title='bbox 895 2024 968 2067; x_wconf 90' lang='lat' dir='ltr'>vcro</span> <span class='ocrx_word' id='word_1_89' title='bbox 986 2006 1111 2089; x_wconf 84' lang='lat' dir='ltr'>Superi-</span> 
     </span>
     <span class='ocr_line' id='line_1_16' title="bbox 225 2087 1114 2171; baseline 0.001 -20"><span class='ocrx_word' id='word_1_90' title='bbox 225 2088 329 2151; x_wconf 85' lang='lat' dir='ltr'>oribus</span> <span class='ocrx_word' id='word_1_91' title='bbox 346 2108 421 2171; x_wconf 86' lang='lat' dir='ltr'>opus</span> <span class='ocrx_word' id='word_1_92' title='bbox 450 2087 522 2153; x_wconf 85' lang='lat' dir='ltr'>effet</span> <span class='ocrx_word' id='word_1_93' title='bbox 554 2088 635 2163; x_wconf 87' lang='lat' dir='ltr'>iilis,</span> <span class='ocrx_word' id='word_1_94' title='bbox 654 2091 708 2171; x_wconf 87' lang='lat' dir='ltr'>qui</span> <span class='ocrx_word' id='word_1_95' title='bbox 740 2089 942 2153; x_wconf 81' lang='lat' dir='ltr'>concionibus</span> <span class='ocrx_word' id='word_1_96' title='bbox 971 2088 1114 2153; x_wconf 80' lang='lat' dir='ltr'>habendis</span> 
     </span>
     <span class='ocr_line' id='line_1_17' title="bbox 228 2173 1110 2255; baseline -0.001 -19"><span class='ocrx_word' id='word_1_97' title='bbox 228 2186 396 2249; x_wconf 86' lang='lat' dir='ltr'>vacarent,</span> <span class='ocrx_word' id='word_1_98' title='bbox 420 2173 521 2239; x_wconf 89' lang='lat' dir='ltr'>noster</span> <span class='ocrx_word' id='word_1_99' title='bbox 544 2188 647 2237; x_wconf 89' lang='lat' dir='ltr'>autem</span> <span class='ocrx_word' id='word_1_100' title='bbox 671 2174 709 2236; x_wconf 88' lang='lat' dir='ltr'>ad</span> <span class='ocrx_word' id='word_1_101' title='bbox 730 2173 809 2237; x_wconf 81' lang='lat' dir='ltr'>hauc</span> <span class='ocrx_word' id='word_1_102' title='bbox 823 2191 947 2255; x_wconf 79' lang='lat' dir='ltr'>operam</span> <span class='ocrx_word' id='word_1_103' title='bbox 973 2174 1110 2237; x_wconf 81' lang='lat' dir='ltr'>maxime</span> 
     </span>
     <span class='ocr_line' id='line_1_18' title="bbox 223 2254 1108 2339; baseline 0.003 -21"><span class='ocrx_word' id='word_1_104' title='bbox 223 2254 349 2321; x_wconf 88' lang='lat' dir='ltr'>idoneus</span> <span class='ocrx_word' id='word_1_105' title='bbox 360 2257 523 2334; x_wconf 86' lang='lat' dir='ltr'>videretur,</span> <span class='ocrx_word' id='word_1_106' title='bbox 548 2258 584 2321; x_wconf 88' lang='lat' dir='ltr'>ad</span> <span class='ocrx_word' id='word_1_107' title='bbox 602 2257 682 2320; x_wconf 89' lang='lat' dir='ltr'>hanc</span> <span class='ocrx_word' id='word_1_108' title='bbox 700 2270 797 2322; x_wconf 85' lang='lat' dir='ltr'>artem</span> <span class='ocrx_word' id='word_1_109' title='bbox 821 2258 1021 2321; x_wconf 81' lang='lat' dir='ltr'>exercendam</span> <span class='ocrx_word' id='word_1_110' title='bbox 1040 2278 1108 2339; x_wconf 88' lang='lat' dir='ltr'>per-</span> 
     </span>
     <span class='ocr_line' id='line_1_19' title="bbox 223 2340 1110 2425; baseline 0.001 -21"><span class='ocrx_word' id='word_1_111' title='bbox 223 2342 345 2405; x_wconf 90' lang='lat' dir='ltr'>moveri</span> <span class='ocrx_word' id='word_1_112' title='bbox 368 2344 397 2407; x_wconf 89' lang='lat' dir='ltr'>se</span> <span class='ocrx_word' id='word_1_113' title='bbox 414 2342 510 2422; x_wconf 78' lang='lat' dir='ltr'>passus</span> <span class='ocrx_word' id='word_1_114' title='bbox 533 2340 598 2417; x_wconf 89' lang='lat' dir='ltr'>est,</span> <span class='ocrx_word' id='word_1_115' title='bbox 622 2342 652 2406; x_wconf 76' lang='grc' dir='ltr'>δι</span> <span class='ocrx_word' id='word_1_116' title='bbox 677 2340 709 2404; x_wconf 91' lang='lat' dir='ltr'>in</span> <span class='ocrx_word' id='word_1_117' title='bbox 732 2342 837 2405; x_wconf 82' lang='lat' dir='ltr'>eadem</span> <span class='ocrx_word' id='word_1_118' title='bbox 860 2356 1022 2425; x_wconf 80' lang='lat' dir='ltr'>perpetuus</span> <span class='ocrx_word' id='word_1_119' title='bbox 1049 2342 1110 2407; x_wconf 88' lang='lat' dir='ltr'>fuit</span> 
     </span>
     <span class='ocr_line' id='line_1_20' title="bbox 221 2424 1109 2511; baseline 0.003 -24"><span class='ocrx_word' id='word_1_120' title='bbox 221 2444 278 2508; x_wconf 91' lang='lat' dir='ltr'>per</span> <span class='ocrx_word' id='word_1_121' title='bbox 301 2424 413 2491; x_wconf 91' lang='lat' dir='ltr'><strong>LXX.</strong></span> <span class='ocrx_word' id='word_1_122' title='bbox 435 2444 554 2501; x_wconf 87' lang='lat' dir='ltr'>annos,</span> <span class='ocrx_word' id='word_1_123' title='bbox 579 2425 660 2489; x_wconf 87' lang='lat' dir='ltr'>ultra</span> <span class='ocrx_word' id='word_1_124' title='bbox 685 2444 761 2511; x_wconf 82' lang='lat' dir='ltr'>quos</span> <span class='ocrx_word' id='word_1_125' title='bbox 790 2426 929 2510; x_wconf 79' lang='lat' dir='ltr'>progredi</span> <span class='ocrx_word' id='word_1_126' title='bbox 949 2444 1002 2505; x_wconf 86' lang='lat' dir='ltr'>per</span> <span class='ocrx_word' id='word_1_127' title='bbox 1022 2444 1109 2490; x_wconf 90' lang='lat' dir='ltr'>mor-</span> 
     </span>
     <span class='ocr_line' id='line_1_21' title="bbox 221 2506 1109 2595; baseline -0.001 -23"><span class='ocrx_word' id='word_1_128' title='bbox 221 2523 288 2572; x_wconf 91' lang='lat' dir='ltr'>tem</span> <span class='ocrx_word' id='word_1_129' title='bbox 304 2553 317 2583; x_wconf 86' lang='lat'><strong>,</strong></span> <span class='ocrx_word' id='word_1_130' title='bbox 339 2530 408 2595; x_wconf 85' lang='lat' dir='ltr'>quae</span> <span class='ocrx_word' id='word_1_131' title='bbox 422 2506 498 2575; x_wconf 89' lang='lat' dir='ltr'>nulli</span> <span class='ocrx_word' id='word_1_132' title='bbox 513 2509 624 2589; x_wconf 84' lang='lat' dir='ltr'>parcit,</span> <span class='ocrx_word' id='word_1_133' title='bbox 639 2526 702 2571; x_wconf 90' lang='lat' dir='ltr'>non</span> <span class='ocrx_word' id='word_1_134' title='bbox 716 2507 812 2571; x_wconf 87' lang='lat' dir='ltr'>licuit.</span> <span class='ocrx_word' id='word_1_135' title='bbox 858 2508 930 2572; x_wconf 87' lang='lat' dir='ltr'>Hoc</span> <span class='ocrx_word' id='word_1_136' title='bbox 944 2528 999 2589; x_wconf 83' lang='lat' dir='ltr'>pro</span> <span class='ocrx_word' id='word_1_137' title='bbox 1021 2522 1109 2573; x_wconf 84' lang='lat' dir='ltr'>certo</span> 
     </span>
     <span class='ocr_line' id='line_1_22' title="bbox 221 2589 1108 2681; baseline -0.001 -27"><span class='ocrx_word' id='word_1_138' title='bbox 221 2589 366 2669; x_wconf 89' lang='lat' dir='ltr'>affirmo,</span> <span class='ocrx_word' id='word_1_139' title='bbox 391 2593 470 2681; x_wconf 92' lang='lat' dir='ltr'>quod</span> <span class='ocrx_word' id='word_1_140' title='bbox 496 2590 663 2675; x_wconf 86' lang='lat' dir='ltr'>Magisterii</span> <span class='ocrx_word' id='word_1_141' title='bbox 681 2592 862 2675; x_wconf 82' lang='lat' dir='ltr'>dignitatem</span> <span class='ocrx_word' id='word_1_142' title='bbox 887 2594 1108 2653; x_wconf 80' lang='lat' dir='ltr'>consecuturus</span> 
     </span>
     <span class='ocr_line' id='line_1_23' title="bbox 222 2674 1107 2761; baseline 0 -24"><span class='ocrx_word' id='word_1_143' title='bbox 222 2694 271 2738; x_wconf 86' lang='lat' dir='ltr'>res</span> <span class='ocrx_word' id='word_1_144' title='bbox 294 2674 400 2739; x_wconf 87' lang='lat' dir='ltr'>melius</span> <span class='ocrx_word' id='word_1_145' title='bbox 420 2674 560 2759; x_wconf 69' lang='lat' dir='ltr'>gennit,</span> <span class='ocrx_word' id='word_1_146' title='bbox 582 2694 675 2761; x_wconf 88' lang='lat' dir='ltr'>quam</span> <span class='ocrx_word' id='word_1_147' title='bbox 694 2678 749 2759; x_wconf 91' lang='lat' dir='ltr'>qui</span> <span class='ocrx_word' id='word_1_148' title='bbox 772 2696 824 2757; x_wconf 86' lang='lat' dir='ltr'>per</span> <span class='ocrx_word' id='word_1_149' title='bbox 843 2677 1029 2739; x_wconf 81' lang='lat' dir='ltr'>decennium</span> <span class='ocrx_word' id='word_1_150' title='bbox 1050 2676 1107 2737; x_wconf 84' lang='lat' dir='ltr'>do-</span> 
     </span>
     <span class='ocr_line' id='line_1_24' title="bbox 223 2756 1109 2839; baseline 0 -16"><span class='ocrx_word' id='word_1_151' title='bbox 223 2759 323 2823; x_wconf 84' lang='lat' dir='ltr'>centis</span> <span class='ocrx_word' id='word_1_152' title='bbox 342 2756 444 2823; x_wconf 86' lang='lat' dir='ltr'>officio</span> <span class='ocrx_word' id='word_1_153' title='bbox 472 2760 544 2821; x_wconf 84' lang='lat' dir='ltr'>effet</span> <span class='ocrx_word' id='word_1_154' title='bbox 569 2756 754 2839; x_wconf 70' lang='lat' dir='ltr'>periuncius.</span> <span class='ocrx_word' id='word_1_155' title='bbox 799 2760 847 2823; x_wconf 87' lang='lat' dir='ltr'>Sic</span> <span class='ocrx_word' id='word_1_156' title='bbox 879 2760 964 2821; x_wconf 88' lang='lat' dir='ltr'>euim</span> <span class='ocrx_word' id='word_1_157' title='bbox 986 2756 1109 2823; x_wconf 75' lang='lat' dir='ltr'>testatus</span> 
     </span>
     <span class='ocr_line' id='line_1_25' title="bbox 221 2837 1108 2929; baseline 0.005 -26"><span class='ocrx_word' id='word_1_158' title='bbox 221 2838 266 2903; x_wconf 87' lang='lat' dir='ltr'>est</span> <span class='ocrx_word' id='word_1_159' title='bbox 291 2838 343 2906; x_wconf 88' lang='lat' dir='ltr'>M.</span> <span class='ocrx_word' id='word_1_160' title='bbox 371 2840 408 2905; x_wconf 86' lang='lat' dir='ltr'>F.</span> <span class='ocrx_word' id='word_1_161' title='bbox 422 2837 602 2925; x_wconf 79' lang='lat' dir='ltr'>·Coelestirrus</span> <span class='ocrx_word' id='word_1_162' title='bbox 622 2838 736 2917; x_wconf 83' lang='lat' dir='ltr'>Bruni,</span> <span class='ocrx_word' id='word_1_163' title='bbox 757 2840 950 2917; x_wconf 80' lang='lat' dir='ltr'>Venosanus‚</span> <span class='ocrx_word' id='word_1_164' title='bbox 960 2844 1014 2929; x_wconf 93' lang='lat' dir='ltr'>qui</span> <span class='ocrx_word' id='word_1_165' title='bbox 1029 2844 1108 2907; x_wconf 78' lang='lat' dir='ltr'>inter</span> 
     </span>
     <span class='ocr_line' id='line_1_26' title="bbox 222 2926 962 2991; baseline -0.003 -3"><span class='ocrx_word' id='word_1_166' title='bbox 222 2936 342 2988; x_wconf 84' lang='lat' dir='ltr'>ceteros</span> <span class='ocrx_word' id='word_1_167' title='bbox 362 2926 582 2989; x_wconf 82' lang='lat' dir='ltr'>examinatoris</span> <span class='ocrx_word' id='word_1_168' title='bbox 605 2926 686 2989; x_wconf 87' lang='lat' dir='ltr'>vices</span> <span class='ocrx_word' id='word_1_169' title='bbox 701 2937 775 2990; x_wconf 87' lang='lat' dir='ltr'>tunc</span> <span class='ocrx_word' id='word_1_170' title='bbox 793 2926 962 2991; x_wconf 80' lang='lat' dir='ltr'>sustinebat.</span> 
     </span>
    </p>
   </div>
   <div class='ocr_carea' id='block_1_5' title="bbox 221 3004 1110 3661">
    <p class='ocr_par' dir='ltr' id='par_1_5' title="bbox 221 3004 1110 3430">
     <span class='ocr_line' id='line_1_27' title="bbox 221 3004 1107 3171; baseline 0.002 -14"><span class='ocrx_word' id='word_1_171' title='bbox 221 3004 467 3171; x_wconf 45' lang='lat' dir='ltr'>Aliils)usss²iftirlr</span> <span class='ocrx_word' id='word_1_172' title='bbox 482 3007 834 3159; x_wconf 35' lang='lat' dir='ltr'>{idriithrirmhl&#39;iani&#39;e</span> <span class='ocrx_word' id='word_1_173' title='bbox 853 3008 1107 3159; x_wconf 49' lang='grc' dir='ltr'>Άυῗεῖξεξίὸαὲπ</span> 
     </span>
     <span class='ocr_line' id='line_1_28' title="bbox 221 3148 1105 3257; baseline -0.002 -18"><span class='ocrx_word' id='word_1_174' title='bbox 221 3177 304 3252; x_wconf 86' lang='lat' dir='ltr'>letti,</span> <span class='ocrx_word' id='word_1_175' title='bbox 324 3174 590 3252; x_wconf 87' lang='lat' dir='ltr'>Montalcinensrs‚</span> <span class='ocrx_word' id='word_1_176' title='bbox 617 3176 699 3247; x_wconf 85' lang='lat' dir='ltr'>Ord.</span> <span class='ocrx_word' id='word_1_177' title='bbox 723 3148 931 3246; x_wconf 56' lang='lat' dir='ltr'>Eremitarurssr</span> <span class='ocrx_word' id='word_1_178' title='bbox 953 3178 983 3241; x_wconf 85' lang='lat' dir='ltr'>S.</span> <span class='ocrx_word' id='word_1_179' title='bbox 997 3182 1105 3257; x_wconf 66' lang='lat' dir='ltr'>Augu-</span> 
     </span>
     <span class='ocr_line' id='line_1_29' title="bbox 221 3257 1110 3351; baseline -0.001 -27"><span class='ocrx_word' id='word_1_180' title='bbox 221 3260 303 3324; x_wconf 83' lang='lat' dir='ltr'>stini.</span> <span class='ocrx_word' id='word_1_181' title='bbox 350 3257 596 3351; x_wconf 26' lang='lat' dir='ltr'>Mediolaniuper</span> <span class='ocrx_word' id='word_1_182' title='bbox 622 3260 795 3337; x_wconf 83' lang='lat' dir='ltr'>Mouzam,</span> <span class='ocrx_word' id='word_1_183' title='bbox 817 3260 867 3325; x_wconf 88' lang='lat' dir='ltr'>M.</span> <span class='ocrx_word' id='word_1_184' title='bbox 892 3260 1110 3331; x_wconf 82' lang='lat' dir='ltr'>1)c.1.xvr.</span> 
     </span>
     <span class='ocr_line' id='line_1_30' title="bbox 221 3340 982 3430; baseline -0.004 -22"><span class='ocrx_word' id='word_1_185' title='bbox 221 3368 250 3424; x_wconf 84' lang='lat'>4.</span> <span class='ocrx_word' id='word_1_186' title='bbox 274 3366 349 3430; x_wconf 89' lang='lat' dir='ltr'>quos</span> <span class='ocrx_word' id='word_1_187' title='bbox 374 3342 410 3407; x_wconf 84' lang='lat' dir='ltr'>F.</span> <span class='ocrx_word' id='word_1_188' title='bbox 428 3340 559 3420; x_wconf 67' lang='lat' dir='ltr'>Angelus</span> <span class='ocrx_word' id='word_1_189' title='bbox 571 3344 708 3411; x_wconf 84' lang='lat' dir='ltr'>dedicare</span> <span class='ocrx_word' id='word_1_190' title='bbox 730 3344 855 3425; x_wconf 75' lang='lat' dir='ltr'>placuit.</span> <span class='ocrx_word' id='word_1_191' title='bbox 875 3344 982 3427; x_wconf 77' lang='lat' dir='ltr'>(Ital.)</span> 
     </span>
    </p>

    <p class='ocr_par' dir='ltr' id='par_1_6' title="bbox 221 3424 1103 3661">
     <span class='ocr_line' id='line_1_31' title="bbox 264 3424 1103 3511; baseline 0.004 -23"><span class='ocrx_word' id='word_1_192' title='bbox 264 3430 315 3511; x_wconf 84' lang='lat'>(2)</span> <span class='ocrx_word' id='word_1_193' title='bbox 342 3424 553 3490; x_wconf 62' lang='lat' dir='ltr'>Sanctuarium</span> <span class='ocrx_word' id='word_1_194' title='bbox 568 3426 710 3509; x_wconf 85' lang='lat' dir='ltr'>ejusdem.</span> <span class='ocrx_word' id='word_1_195' title='bbox 758 3426 867 3493; x_wconf 85' lang='lat' dir='ltr'>Vener.</span> <span class='ocrx_word' id='word_1_196' title='bbox 885 3448 936 3511; x_wconf 79' lang='lat' dir='ltr'>per</span> <span class='ocrx_word' id='word_1_197' title='bbox 948 3428 1103 3493; x_wconf 70' lang='lat' dir='ltr'>francisc.</span> 
     </span>
     <span class='ocr_line' id='line_1_32' title="bbox 221 3510 764 3661; baseline -0.011 -82"><span class='ocrx_word' id='word_1_198' title='bbox 221 3512 329 3579; x_wconf 65' lang='lat' dir='ltr'>Stoici.</span> <span class='ocrx_word' id='word_1_199' title='bbox 350 3510 400 3577; x_wconf 91' lang='lat' dir='ltr'>M.</span> <span class='ocrx_word' id='word_1_200' title='bbox 414 3510 491 3579; x_wconf 90' lang='lat' dir='ltr'>DC.</span> <span class='ocrx_word' id='word_1_201' title='bbox 508 3510 592 3575; x_wconf 81' lang='lat' dir='ltr'><strong>LIX.</strong></span> <span class='ocrx_word' id='word_1_202' title='bbox 608 3532 637 3593; x_wconf 83' lang='lat'>4.</span> <span class='ocrx_word' id='word_1_203' title='bbox 664 3510 764 3661; x_wconf 51' lang='lat' dir='ltr'>(lesbi.)</span> 
     </span>
    </p>
   </div>
   <div class='ocr_carea' id='block_1_6' title="bbox 971 3580 1111 3681">
    <p class='ocr_par' dir='ltr' id='par_1_7' title="bbox 971 3580 1111 3681">
     <span class='ocr_line' id='line_1_33' title="bbox 971 3580 1111 3681; baseline -0.007 -22"><span class='ocrx_word' id='word_1_204' title='bbox 971 3580 1111 3681; x_wconf 67' lang='lat' dir='ltr'>(fflic-</span> 
     </span>
    </p>
   </div>
   <div class='ocr_carea' id='block_1_7' title="bbox 0 0 1376 4242">
    <p class='ocr_par' dir='ltr' id='par_1_8' title="bbox 0 0 1376 4242">
     <span class='ocr_line' id='line_1_34' title="bbox 0 0 1376 4242; baseline 0 4"><span class='ocrx_word' id='word_1_205' title='bbox 0 0 1376 4242; x_wconf 95' lang='lat' dir='ltr'> </span> 
     </span>
    </p>
   </div>
  </div>
 </body>
</html>
