2742 4242
425 349 903 443 .Aaaorrrna
959 404 962 409 .
1073 357 1128 424 ni

249 492 387 542 vacuum
426 477 610 540 dimittebat.
678 466 848 550 Brignalius
895 472 1133 556 typographiam

248 557 353 637 suam,
367 579 461 645 quam
474 581 514 622 ex
538 559 645 639 Belgio
664 575 725 619 una
749 568 823 621 cuni
847 556 932 621 sociis
952 560 1128 642 quibusdam

245 642 310 704 suis
328 659 497 724 acceperat,
509 642 697 705 vendendam
708 638 864 714 statuebat,
881 640 1063 723 intelligeris,
1078 645 1129 709 illa

245 724 316 789 inde
340 729 520 801 commoda,
549 745 617 808 quae
648 722 906 804 exspectaverant,
934 727 1042 807 sperari
1063 746 1128 790 non

243 806 338 886 poll'e.
383 811 478 872 Aliud
492 809 575 872 enini
597 806 638 869 est
659 807 820 880 librorum,
835 806 915 869 aliud
935 811 1126 874 cambiorum

243 895 489 958 commercium.
549 891 658 955 Eidem
705 905 847 970 praeterea
885 891 1126 956 administrandae

243 975 432 1054 praefecerat
464 977 614 1059 quendam
650 970 816 1060 Johannem
843 971 1030 1037 Dominicum
1063 977 1123 1039 Pe·

243 1077 331 1134 rum,
354 1059 516 1123 hominem
537 1073 634 1123 cetera
661 1059 792 1135 bonum,
816 1058 862 1119 led
882 1059 933 1142 qui
955 1059 1031 1122 libro
1056 1081 1123 1140 pre-

242 1142 328 1204 tium
352 1141 480 1206 statuere
501 1144 613 1224 potius,
646 1161 740 1224 quani
767 1143 978 1225 typographeis
996 1143 1124 1222 praeelle

221 1221 401 1288 didicisset.
443 1226 493 1290 Ex
508 1247 568 1310 quo
585 1224 688 1300 fiebat,
708 1239 743 1286 ut
767 1227 883 1304 aliquot
908 1225 1002 1288 millia
1023 1228 1122 1289 scuta-

241 1321 353 1370 torum
368 1310 554 1390 impenditlet
568 1302 781 1390 comparandis
806 1307 900 1380 libris,
920 1311 972 1389 qui
986 1327 1025 1373 ex
1039 1312 1121 1375 mole

236 1389 489 1473 aestimabantur,
520 1391 719 1473 pusillanimis
742 1402 905 1471 praeterea,
926 1391 998 1475 ·qui
1026 1394 1120 1459 nollet

239 1476 449 1542 exscribendos
483 1494 589 1539 curare
621 1473 724 1546 libros,
748 1475 785 1535 ad
822 1492 898 1554 quos
921 1473 1120 1540 divendendos

240 1556 433 1642 aliquantum
460 1559 608 1637 temporis
636 1557 849 1639 requirebatur.
909 1555 999 1619 Hanc
1019 1559 1060 1620 ita
1083 1579 1120 1623 ue

240 1643 477 1724 typographiam
492 1660 553 1703 una
563 1659 639 1705 cum
658 1641 739 1703 lib'ris
760 1640 902 1704 omnibus
924 1639 1007 1703 suam
1021 1581 1119 1706 noher

238 1723 380 1788 faciebat.
448 1722 513 1786 Vix
537 1743 609 1789 vero
635 1723 758 1787 initium
782 1723 895 1788 iecerat
918 1726 998 1805 prela
1031 1745 1118 1790 exer-

237 1807 342 1882 cendi,
365 1807 484 1891 quando
504 1827 543 1869 ex
556 1806 736 1888 pestilentia,
760 1805 850 1888 paulo
871 1806 936 1889 post
956 1804 1116 1889 gradante,

236 1891 322 1953 diem
335 1892 450 1954 obibat.
495 1889 667 1955 Certissime
690 1890 765 1954 mihi
789 1891 927 1973 equidem
944 1893 1115 1972 persuasum

236 1974 350 2050 habeo,
372 1973 503 2057 quod,si
523 1974 620 2042 suifl'et
642 1974 794 2056 superstes,
804 1973 884 2054 prela
896 1971 1067 2038 Genuenlia
1084 1979 1116 2041 iii

237 2057 500 2122 existimationem
520 2058 652 2204 aliquam
671 2056 815 2121 dudlnrus
828 2056 938 2134 suisset,
961 2078 1017 2123 nec
1038 2060 1114 2125 mihi

228 2140 379 2212 ,defutura
402 2141 519 2206 oceaho
540 2162 640 2224 pures
660 2140 723 2226 ejus
739 2142 828 2207 libros
850 2142 910 2207 hoc
933 2142 1004 2207 loco
1023 2163 1112 2209 coni·

237 2227 441 2291 memorandi.
699 2242 706 2271 ’-

284 2309 644 2409 1.Hrstoriacauſsarum
683 2312 719 2374 {al
746 2310 902 2395 ffeiuum
931 2308 1109 2395 pestilentia.

236 2391 274 2455 P.
290 2391 335 2457 D.
352 2397 490 2461 Andreae
506 2396 606 2459 Cirini
623 2395 664 2459 C.
680 2394 721 2459 R.
745 2394 783 2457 ln
802 2414 836 2457 ea
850 2393 996 2459 disseritur
1014 2396 1051 2458 de
1064 2399 1112 2460 iri-

236 2477 395 2544 terioribus
409 2479 645 2560 AEgyptiorum,
670 2475 879 2552 Graecorum,
901 2476 1111 2543 Hebraeorum

234 2559 268 2622 &
285 2563 438 2637 Arabum,
459 2561 564 2623 caulae
580 2564 656 2625 item
670 2559 867 2623 humanae&
888 2560 1006 2622 divinae
1025 2580 1110 2625 mor-

231 2643 262 2706 bi
287 2643 375 2726 hujus
393 2656 604 2722 exponuntur,
625 2663 686 2707 una
710 2662 784 2705 cum
801 2642 954 2724 prodigiis,
969 2661 1044 2727 quae
1057 2665 1108 2725 pe-

231 2725 381 2789 stilentiae
396 2721 605 2789 famosissimae
620 2729 651 2789 iri
668 2725 742 2788 orbe
755 2722 944 2799 effeceruntr
966 2744 1110 2795 numerus

229 2828 357 2894 quoque
386 2809 580 2884 morborum,
612 2809 794 2873 diuturnitas
822 2810 940 2885 morbi,
969 2810 1107 2879 medendi

231 2893 332 2964 modi,
355 2891 519 2974 aspectibus
541 2891 614 2956 eoeli
634 2890 821 2970 conformes,
842 2895 973 2975 origines
998 2909 1105 2959 conta·

228 2978 288 3060 gii,
299 2989 436 3052 eventus,
456 2978 673 3060 etymologiae,
690 2974 856 3042 effedius&
875 2976 968 3062 ligna,
985 2976 1108 3065 &quae

226 3071 381 3148 praeterea
398 3063 603 3141 Angelorum,
622 3063 808 3126 daemonum
824 3060 1029 3127 &hominum
1047 3084 1107 3147 ope

225 3142 411 3218 acciderint,
430 3156 619 3208 enarrantur.
677 3144 764 3209 Cum
786 3147 875 3209 variis
894 3145 1106 3212 dissertationi·

223 3235 282 3295 bus
305 3225 537 3302 Astronomicis,
563 3226 828 3309 Meteorologicia,
844 3228 875 3291 dr
890 3230 1001 3301 Sarris,
1021 3229 1105 3295 addi·

226 3331 259 3378 ta
286 3312 380 3373 etiam
410 3308 598 3393 expositione
623 3311 835 3391 allegoriarum
846 3308 1104 3387 Postumum&

225 3394 495 3481 mythologiarum
511 3395 573 3456 anti
597 3395 700 3456 uitatis
715 3390 941 3473 remotissimae,
963 3394 1104 3463 locorum

226 3481 360 3565 denique
381 3477 551 3561 scripturae
613 3496 681 3545 crae
703 3472 923 3625 ii‘ifficilioturn.
976 3475 1105 3549 Geriuae

320 3600 324 3607 ·
1025 3568 1112 3645 apud
