2742 4242
228 374 289 439 ιη
414 342 942 417 acacuounann

228 476 279 540 Ut
299 492 373 540 vero
393 470 450 548 illi,
465 471 517 556 qui
538 466 625 552 hujus
645 468 762 550 generis
780 466 919 533 homines
936 470 1025 551 parvi
1039 478 1111 553 possi

229 561 321 633 dunt,
336 574 469 620 errorem
489 555 579 618 suum
593 552 775 635 agnoscant,
787 566 891 639 atque
905 552 948 628 id,
985 556 1072 619 uadi

231 644 389 725 ignorant,
416 638 546 714 discant,
580 656 644 700 non
671 637 822 701 omittam
846 637 948 719 'partic
1002 656 1050 709 m,
1090 639 1113 687 '-

229 744 325 811 quam
350 720 563 786 Dedicationis
580 720 659 791 illius
678 721 712 783 in
737 718 886 806 majorem
902 719 970 785 Viri
990 719 1113 793 nudem

232 811 283 874 hic
297 819 440 893 repetese.
1097 846 1102 853 -

233 970 353 1057 Cioriffi
374 970 597 1059 Doctifflmaqur
611 967 695 1046 Vtro,
707 968 754 1033 D.
777 968 901 1035 Antania
917 960 1118 1051 Magliobecbi
1157 966 1159 971 ’

321 1076 326 1083 ·
485 1056 597 1119 Petrus
619 1053 715 1117 Bbaeu
726 1052 869 1119 Salutem.
1105 1094 1108 1099 -

282 1143 360 1207 Cum
379 1137 473 1202 multa
496 1137 737 1219 peregrinationis
757 1137 829 1215 bpna
845 1137 938 1224 fint,
960 1138 1068 1225 paffirn
1083 1138 1117 1203 ab

234 1224 409 1292 Auctoribus
433 1221 638 1304 dmraedicata,
663 1221 772 1305 ipsoque
786 1221 839 1307 usu
858 1222 1117 1303 comprobaremus»

235 1309 311 1375 mibi
333 1306 446 1373 nulium
456 1305 565 1389 majus,
577 1304 690 1370 nultum
702 1304 1018 1393 jucundiusaidetur,
1033 1303 1115 1387 q'uom

237 1392 313 1473 quad
331 1392 414 1455 liccat
427 1388 576 1461 virtatem
597 1409 720 1465 eorum,
748 1388 801 1469 qui
818 1401 964 1469 utcunque
984 1388 1116 1467 aliasin

236 1477 392 1563 notescunt,
415 1493 510 1537 caram
534 1472 658 1550 intueri,
673 1492 901 1553 magnarumque
914 1472 1116 1568 b'irmumsa·

237 1580 336 1625 vorem
361 1571 418 1623 aut
439 1556 601 1623 amicitiam
625 1555 776 1621 demereri.
819 1556 888 1620 Alto
905 1556 990 1643 sedet
1014 1576 1138 1633 amnne

237 1665 287 1710 ner
310 1660 438 1726 unquam
453 1641 518 1727 fine
534 1639 644 1723 gaudio
665 1639 764 1717 recola,
787 1654 898 1721 quanta
912 1639 1051 1705 comitate
1060 1640 1119 1705 Fin-

239 1730 344 1793 rentiae
359 1738 428 1791 ante
452 1726 613 1790 octennium
633 1746 677 1789 me
691 1722 863 1810 sccstepcris,
871 1724 993 1813 saneris
1010 1744 1134 1807 ,quan--

238 1825 327 1893 toque
349 1811 497 1891 voluptate
523 1810 560 1872 ab
575 1829 622 1872 ore
653 1819 703 1871 tuo
712 1806 851 1889 pendenti
885 1808 987 1894 erfrui
997 1807 1119 1873 licuerit.

238 1897 344 1977 Neque
368 1895 428 1957 baec
452 1905 505 1956 tua
522 1891 714 1957 benevolentia
742 1894 774 1955 in
801 1912 830 1955 eo
861 1890 1000 1969 abstitit,
1022 1892 1079 1973 sed
1091 1892 1122 1955 {t

234 1976 379 2062 quicquid
392 1977 490 2041 Diues
509 1994 597 2041 cornu
626 1976 711 2071 copia
731 1974 932 2043 Florentinum
959 1975 1064 2042 ubiuis
1085 1976 1120 2039 tc

242 2084 342 2127 corum
367 2062 507 2148 baspisum
532 2058 618 2124 aculis
646 2058 835 2141 impartitur,
858 2059 920 2141 ejm
939 2072 970 2121 te
992 2082 1040 2124 me
1050 2058 1123 2124 bacci

240 2148 399 2211 immunem
413 2142 463 2225 alie
477 2141 620 2224 voluisti,
647 2163 735 2223 usque
757 2142 798 2205 ab
817 2144 1121 2210 uenerationem-tere.-

240 2228 302 2312 n'qb.
323 2229 377 2292 M.
393 2226 611 2290 E‘IRURIAE
627 2224 775 2303 DUCIS,
797 2248 848 2292 nec
867 2227 1032 2293 nonSeren.
1051 2232 1123 2294 Cor·

240 2309 346 2377 binalis
371 2309 625 2388 LE'OPOLDI,
651 2311 686 2374 ἐπ’
700 2309 834 2396 Seremff
849 2310 1001 2377 00th
1014 2310 1122 2392 Magni

239 2395 383 2462 Etruria
404 2392 563 2477 Principis.
608 2394 690 2458 Unde
709 2394 783 2458 mibi
798 2408 883 2475 parra
908 2396 1008 2479 oecasta
1037 2395 1123 2483 affui

231 2479 291 2567 stt,
317 2492 365 2558 ut,
389 2500 456 2557 cum
481 2491 573 2561 nuper
591 2479 634 2542 bis
657 2478 733 2541 idern
750 2478 885 2560 Magnus
899 2479 1043 2562 Princeps
1057 2482 1123 2544 banc

244 2565 346 2628 urbem
372 2560 523 2648 trajiceret,
539 2583 586 2643 ego
595 2562 664 2644 jam
693 2583 747 2627 non
761 2563 839 2626 inter
854 2564 1024 2645 peregrinos
1038 2564 1123 2628 euita-

243 2668 289 2712 res
312 2647 352 2713 aei
372 2647 537 2713 delibandas
546 2646 643 2734 solum
667 2645 753 2732 oscula
774 2666 877 2711 manus
899 2646 1064 2731 admistus,
1076 2646 1128 2731 pt

241 2753 306 2796 earn
335 2745 455 2814 atraque
473 2744 597 2814 tempore
613 2732 748 2810 gratiam
776 2732 812 2795 Εἰ
835 2732 1068 2817 munificentiam
1078 2733 1125 2796 Se-

242 2814 336 2899 rcmp.
359 2815 507 2897 Principis
530 2814 744 2900 expertussten‚
760 2816 822 2892 esci,
835 2817 928 2895 quoad
948 2816 1069 2897 uixero,
1080 2818 1124 2879 de-

242 2911 313 2963 uota
327 2899 523 2984 beneficiorum
547 2900 739 2965 recordacione
766 2898 996 2982 humillimisque
1011 2902 1125 2985 studiis

244 2981 406 3069 respondere
423 2982 494 3047 mibi
515 2982 668 3045 incumbet.
713 2981 797 3067 Qua
813 2984 1126 3071 tuatontacumsum-

242 3088 294 3131 ma
312 3066 443 3131 doctrina
466 3065 618 3141 conjuncta
640 3063 808 3128 humanitas
829 3068 863 3130 ἐπ’
880 3067 910 3131 in
933 3067 1127 3155 aduenasfa·

243 3171 298 3214 var
316 3150 384 3213 adeo
414 3147 470 3211 tibi
492 3146 693 3232 estproprius,
709 3161 745 3212 ut
757 3150 808 3213 ael
826 3150 874 3215 bac
889 3150 948 3246 poia
968 3152 1086 3217 nomine
1099 3153 1129 3217 in

233 3232 418 3320 summorum
442 3232 575 3297 virorum
596 3231 911 3320 recentt‘ffimisscrip'tcs
917 3236 1048 3321 jammis
1061 3236 1128 3299 lau·

243 3318 327 3379 dibus
336 3318 411 3398 jure
430 3318 584 3399 meritaque
606 3314 749 3387 barbare,
771 3339 820 3381 nec
844 3321 997 3401 quisquam
1005 3318 1042 3414 se
1057 3319 1128 3402 jam

242 3401 338 3463 idonce
353 3402 528 3467 Florentiam
551 3398 651 3485 otdcffl
672 3400 837 3485 existimet,
866 3404 919 3484 qui
942 3415 971 3466 te
999 3403 1043 3467 abi
1073 3426 1128 3469 non

240 3485 315 3574 inter
347 3487 500 3569 precipua
529 3486 693 3573 Musarum
713 3483 813 3575 eiecere
833 3485 955 3554 uiderit.
1011 3486 1129 3639 Verus}

1052 3592 1108 3653 qua
