2742 4242
435 339 950 409 ernamur.-
1063 364 1101 429 95

193 514 197 519 -
211 468 340 544 librum,
353 484 394 531 eo
409 461 551 541 oonsrlio,
572 476 609 527 ut
623 463 751 552 aliquid,
769 469 892 531 muneri
907 466 960 532 suo
972 486 1105 535 accom-

211 551 392 627 modatum,
406 550 534 613 discant.

255 635 305 699 llli
325 636 394 698 sane
407 631 571 716 aliquando
589 633 685 695 morti
708 633 845 714 proximi
870 652 935 699 non
954 648 1106 701 recreatos

213 721 245 785 se
274 719 404 782 sentient
423 715 473 778 illa
496 714 632 780 Domini
652 736 749 782 voce:
792 716 891 797 Euge,
908 716 998 805 serve
1022 718 1105 798 bone,

215 802 300 867 intra
314 798 506 880 ingaudium
529 797 656 863 Domini
661 800 728 875 rui,
774 801 835 865 uod
856 800 992 868 accidille
1013 805 1107 871 credo

213 883 416 953 eruditillimo
431 884 461 948 δι
480 880 650 947 ἀοὲὶίίῖιιηο
664 884 738 949 huic
753 822 902 963 lraesuli,
912 890 963 973 qui
985 889 1018 950 in
1033 890 1105 951 scri·

214 972 314 1041 bendo
338 979 510 1051 occupatus
538 969 576 1030 ad
597 967 760 1032 meliorem
780 970 879 1035 vitum
900 968 1036 1048 transit,
1069 992 1107 1036 eo

216 1050 371 1138 ternpore,
388 1072 451 1136 quo
478 1050 515 1121 F.
538 1050 694 1129 Angelicus
718 1072 790 1115 eum
818 1054 969 1117 invisurus
993 1055 1107 1118 &ver-

216 1136 335 1202 sionem
357 1133 504 1199 tractatus
520 1136 582 1221 ejus
598 1134 634 1198 de
657 1135 803 1200 vacatione
816 1134 859 1198 ad
869 1136 989 1220 statum
1009 1136 1108 1202 Eccle-

205 1220 372 1308 staslicum,
391 1220 536 1304 adquam
553 1221 705 1283 invitatus
721 1221 758 1281 ab
773 1220 837 1302 ipso
850 1234 929 1295 erat,
951 1220 1110 1289 oblaturus

216 1307 277 1371 iter
292 1304 423 1386 parabat
465 1304 562 1386 Quod
584 1300 751 1367 confilium
772 1300 933 1386 postquam
966 1324 1040 1370 cum
1071 1306 1107 1369 Ρ.

221 1386 444 1470 Siarplirr'anole
458 1385 550 1462 Gros,
573 1383 815 1465 Augustiniano‚
835 1386 889 1468 qui
903 1404 986 1451 nunc
996 1386 1109 1471 Graffle

218 1487 450 1549 commoratur,
472 1482 624 1551 tanquam
644 1468 763 1530 itineris
778 1468 863 1530 socio
882 1466 1002 1543 futuro,
1019 1471 1110 1536 com'-

219 1555 421 1630 municall'et,
444 1553 506 1616 tale
531 1551 651 1632 accepit
676 1551 872 1634 responsum:
909 1550 1110 1634 Necessarium

219 1639 310 1716 duxi,
325 1638 369 1702 V.
386 1637 422 1701 P.
437 1634 602 1711 admonere,
629 1654 665 1697 ne
679 1633 739 1697 iter
753 1631 902 1698 Gallicum
916 1636 1058 1723 jusispiat
1071 1642 1113 1702 ad

220 1719 392 1807 Antistium
423 1717 600 1799 Venciensem
632 1716 823 1802 uiſstandum.
879 1718 929 1783 Ea
949 1722 1026 1785 enim
1050 1720 1110 1801 dir,

221 1824 281 1887 qua
296 1802 438 1887 epistolum
452 1801 579 1887 vestram
594 1802 698 1883 recepi,
721 1801 819 1865 eadem
834 1813 925 1866 terra
939 1805 1112 1870 mundatum

221 1891 261 1976 est
275 1886 357 1952 illius
371 1900 479 1969 corpus.
526 1885 614 1953 Obiit
627 1884 842 1973 numqueseria
858 1887 963 1969 quinta
971 1892 1031 1974 post
1046 1890 1112 1953 Pa·

212 1972 299 2053 seha,
317 1971 420 2055 plenus
441 1971 568 2049 meritis,
595 1971 630 2033 ὅ
643 1970 722 2034 bonis
737 1970 877 2051 operibus.
902 1970 1043 2039 Habebat
1063 1975 1114 2039 ille

221 2054 373 2142 insignem
393 2056 632 2131 Bibliothecam,
659 2056 689 2119 δι
714 2058 834 2119 erudito
863 2058 906 2123 sui
928 2059 1043 2123 ordinis
1064 2059 1111 2124 di·

264 2162 327 2207 arn.
372 2138 551 2224 Intelligens
575 2155 695 2216 autem,
719 2140 928 2207 valetudtnem
949 2145 1034 2209 suanr
1056 2163 1114 2207 au·

222 2160 380 2292 {lisama
408 2226 474 2291 fore
498 2223 718 2300 infirmiorem,
740 2226 922 2306 perspiciens
942 2231 1053 2304 etiarn,
1074 2229 1114 2292 ad
1155 2268 1159 2285 .

224 2309 407 2377 instruendas
436 2309 642 2373 Bibliothecae
662 2308 817 2372 thesauros
841 2312 965 2394 requiri,
994 2312 1026 2373 δι
1045 2313 1114 2387 ubi,

222 2394 373 2461 destructis
399 2391 618 2475 possessoribus,
649 2389 709 2454 srnt
732 2392 919 2467 vendendae,
948 2410 1058 2459 aurum
1081 2395 1115 2457 in

224 2499 357 2559 cuprum
372 2479 535 2551 converti;
551 2477 679 2539 vendere
693 2493 776 2548 earn,
790 2475 865 2537 durn
884 2477 1014 2553 viveret,
1036 2496 1116 2540 con·

225 2562 338 2637 stituit,
360 2581 437 2624 curn
458 2562 576 2643 exiguo
592 2562 723 2633 damno,
737 2558 804 2621 imo
819 2577 892 2622 vero
908 2557 994 2623 lucro
1013 2562 1116 2625 mani·

225 2643 317 2719 serlo,
336 2643 438 2727 quand
480 2643 582 2707 uidem
596 2662 636 2705 ex
650 2642 707 2704 illie
721 2641 751 2703 δι
766 2643 832 2707 aliie
850 2642 927 2705 item
938 2646 1040 2708 numia
1055 2643 1116 2709 Pa·

227 2728 342 2802 tribus,
356 2730 439 2821 quia
490 2725 608 2791 oclriua
631 2722 802 2789 Christiana
815 2724 1019 2810 appellantur,
1035 2728 1116 2796 Col·

226 2813 343 2893 legium
359 2813 420 2881 heri
440 2812 527 2885 fecit,
549 2810 715 2894 omnesque
729 2808 887 2873 facultates
914 2813 980 2876 suas
1003 2834 1116 2900 paupe-

230 2899 311 2960 ribus
325 2897 446 2978 legavit.
491 2893 526 2958 ld
555 2894 639 2957 enim
661 2890 786 2957 edouus
810 2896 877 2959 surn
897 2894 990 2962 literis
1012 2900 1050 2962 ad
1065 2897 1117 2963 D.

230 2980 386 3046 Maurum
406 2978 657 3055 Promontorium,
679 2976 868 3060 Episcopum
879 2976 1116 3067 Intemeliensem,

228 3065 308 3127 datis
336 3063 427 3127 &ab
455 3064 518 3144 ipso
538 3062 686 3128 benevole
711 3080 838 3127 mecurn
861 3067 1116 3129 communicatis.

230 3146 322 3215 Nihil
340 3144 461 3221 obstat,
482 3164 544 3228 quo
567 3148 670 3212 minue
689 3145 848 3225 epistolam
869 3148 920 3213 hic
934 3148 1115 3211 describam.

229 3252 304 3298 cunr
329 3250 432 3312 operae
455 3232 588 3310 pretium
603 3228 652 3306 stt,
679 3241 718 3291 ut
746 3233 778 3293 in
804 3234 952 3294 omnium
976 3232 1121 3295 manibus

168 3374 170 3387 ⁴
232 3317 378 3381 versetur.
422 3314 543 3396 Accipe
561 3333 650 3378 eam:
672 3310 714 3397 (s)
1039 3390 1085 3460 m

1080 3416 1118 3460 u.

270 3564 322 3643 (¹)
342 3564 493 3644 Epistulam
509 3564 581 3631 hanc
595 3585 631 3631 ex
643 3567 741 3631 Italico
755 3564 884 3629 Latinam
909 3560 973 3625 tect.
