2742 4242
264 334 266 339 ·
387 316 449 377 ra
571 274 1097 372 arairorntor

395 432 637 501 commemorari
652 430 712 493 hoc
734 428 838 495 locoa
860 451 911 495 me
926 418 1049 500 voluit.¹
1083 430 1159 495 Hoc

398 521 485 602 plum
507 517 630 580 interim
646 516 760 577 imitati
776 516 918 594 suntalii,
943 518 1009 603 qui,
1024 529 1061 583 ut
1079 516 1166 579 haber

399 605 512 669 bellum
554 614 664 669 uatuor
679 598 896 678 nummorum,
913 604 1068 683 donarunt
1093 600 1166 675 aliur

399 691 454 753 bus
466 623 607 751 carolims
622 681 849 747 aestimandum.

814 878 875 944 LI.

457 1026 713 1093 ANTONIUS
736 1022 1166 1101 MAGLIABECCHUS,

445 1173 655 1239 Florentinus.
694 1172 761 1253 Qi
784 1172 918 1254 egregias
940 1171 1077 1235 hominis
1098 1190 1166 1233 eru<

404 1260 491 1323 dotes
512 1258 678 1343 perspectas
696 1257 803 1321 habere
817 1257 935 1339 cupiat,
966 1255 1049 1337 legat
1065 1255 1166 1333 dedier

406 1341 550 1423 Operum
589 1340 695 1405 Franc.
738 1340 773 1403 de
808 1338 932 1417 Borry,
965 1339 1081 1405 Nobilis
1103 1336 1166 1421 Do

406 1425 441 1489 de
454 1423 658 1509 Succefforibus
684 1422 795 1509 Testari
809 1443 843 1487 oc
859 1420 1005 1505 Intcstoti,
1028 1442 1099 1509 quoe
1110 1414 1166 1509 Jo.

406 1509 607 1588 Huguetunrrs
625 1504 837 1573 &Guilelmus
856 1506 1034 1583 Barbarius,
1054 1506 1156 1583 Socii,

407 1594 551 1679 bliopolis
574 1590 827 1675 Lugdunenfibus
847 1593 1009 1674 principes,
1037 1594 1166 1665 atomi

407 1696 457 1740 an.
484 1677 575 1754 1671.
605 1678 663 1740 suis
692 1678 840 1741 sumtibus
865 1676 959 1750 edita,
984 1672 1038 1755 ipn
1066 1676 1166 1757 inlerij

408 1760 502 1825 Dum
527 1775 631 1825 autem
645 1759 891 1827 Dedicationum
914 1760 1060 1834 memini,
1085 1778 1156 1823 non

403 1863 473 1907 non
494 1845 677 1927 particulam
696 1844 830 1927 aliquam
846 1845 972 1907 recitare
994 1836 1087 1918 lilius,
1109 1866 1166 1929 qur

404 1938 454 2001 pro
468 1926 577 2007 Bloeu,
601 1926 730 2016 Jraanis
743 1926 821 2007 filiu,
845 1930 875 1995 δι
891 1925 1034 1991 Gulielm.
1048 1942 1166 2011 nepote

450 2211 482 2283 (r)
503 2206 625 2286 Longior
638 2204 738 2277 forem,
752 2209 783 2279 si,
802 2228 863 2288 quae
874 2211 910 2269 de
926 2208 1135 2290 Magliabeccbio
1155 2231 1166 2268 ε

410 2286 445 2346 tis
458 2286 557 2346 tradita
567 2285 681 2355 exstant,
695 2288 724 2345 h.
739 2287 760 2346 l.
773 2308 990 2348 commemorare
1001 2290 1166 2367 adgrederer

410 2365 497 2424 isfuit
511 2386 555 2425 an.
571 2365 657 2443 1633.
684 2386 732 2445 29.
748 2366 863 2427 Oliobr.
887 2374 913 2427 δι
932 2367 994 2428 fatis
1013 2367 1123 2427 [unaue
1148 2390 1165 2427 e

379 2472 382 2479 ·
410 2464 441 2523 4.
453 2443 509 2522 Jul.
551 2446 610 2505 1²1ae
621 2446 728 2527 ueteris,
752 2462 782 2505 ut
797 2449 877 2523 Julii
898 2450 979 2524 Nigri
1003 2445 1162 2505 Historiam

411 2530 475 2581 ru'm
504 2522 725 2587 Florentiuorum
746 2526 885 2595 omittam,
918 2526 982 2585 vide
1008 2529 1166 2604 Grggorium

412 2601 495 2660 Italia
507 2605 649 2682 Regnante
661 2604 740 2662 Parte
752 2602 810 2663 III.
823 2602 871 2661 lib·
885 2604 938 2663 IV.
972 2649 978 2660 .
992 2623 1048 2683 4²3
1113 2624 1166 2683 45:

405 2681 477 2749 stum
496 2681 524 2753 in
538 2684 645 2759 'Vifiera
663 2682 774 2751 alzata,
795 2681 920 2741 ahilud
956 2682 1073 2742 icatione
1100 2702 1163 2762 μς

411 2776 457 2815 eos
467 2758 555 2817 adfert
563 2759 769 2839 Scriptoreo,qui
781 2760 911 2821 illilibros
917 2761 983 2821 'suos
989 2760 1072 2820 sacros
1082 2760 1135 2819 else
1143 2782 1166 2820 v¹

413 2836 458 2893 vel
470 2836 578 2894 eximiis
590 2856 654 2895 eum
666 2840 763 2917 eloins
788 2839 1001 2908 cohonestarunt,
1028 2842 1141 2899 Hieron.

413 2913 442 2969 in
459 2912 563 2989 Elogiis
575 2916 814 2986 Academicorum,
834 2919 880 2994 qui
893 2920 1050 2996 Spenſserati
1070 2922 1101 2976 di
1121 2922 1166 2999 Rq

415 2990 562 3068 pellantur,
575 2993 655 3050 Parte
668 2996 693 3051 I.
706 3014 736 3053 n.
752 2995 779 3053 6.
821 2999 971 3056 Niceronem
984 2999 1014 3055 in
1026 2998 1165 3057 Memorii

414 3089 506 3131 rorum
522 3069 669 3143 lllullrium
691 3072 832 3131 historiam
845 3075 1052 3151 pertinentibus,
1076 3076 1166 3135 Tum¹

418 3170 485 3209 221.
506 3147 625 3226 denique
637 3169 717 3209 -vero
736 3151 932 3229 Ephemerides
958 3154 1045 3213 Italiae
1057 3152 1165 3213 literari

416 3228 531 3287 XVIII·
545 3248 572 3306 p.
588 3228 643 3305 463
669 3228 743 3309 seqq.
767 3236 793 3288 δι
811 3230 901 3309 Tom.
928 3232 1070 3291 XXXIII.
1096 3236 1164 3293 Part

417 3303 473 3381 sqq.
497 3306 544 3363 ubi
568 3306 625 3365 vita
646 3307 714 3383 ejus,
736 3307 772 3366 ab
797 3312 895 3369 Antan.
914 3313 1008 3370 Franc.
1023 3314 1134 3371 Morino
1158 3336 1166 3370 r

416 3397 566 3452 enarratur,
580 3386 701 3462 adposita
713 3386 831 3464 ejusdem
843 3388 976 3466 eiiigie,&
991 3389 1135 3467 epitaphio
1148 3412 1166 3469 q

417 3460 465 3524 68.
506 3464 618 3539 Semper
632 3464 702 3521 mihi
715 3466 818 3542 placuit
828 3486 1013 3544 anagramma,
1028 3469 1102 3546 quod
1115 3470 1166 3528 Fin

241 3568 349 3714 ἢ
412 3538 527 3615 arpinum
539 3541 593 3614 eju:
609 3541 718 3603 elicuit;
741 3547 768 3605 Is
787 3568 852 3607 icarus
867 3546 1027 3609 Bibliotheca
1045 3570 1153 3627 magna.
