2742 4242
251 413 289 460 tv
480 393 862 464 PRAEFATIO.

253 516 283 601 §.
311 537 358 592 ¹4·
382 511 545 600 Quomodo,
560 515 618 589 ait,
642 511 851 578 Bibliothecam
866 514 953 595 fitam
972 516 1143 599 Angelicus

256 607 286 665 A
310 597 414 675 rosus,
428 598 517 676 Augu
542 595 672 672 inionus,
686 594 863 684 instituerit,
875 619 928 665 non
943 598 1054 680 liquet:
1077 621 1145 664 nam

256 622 419 761 nililejus,
441 703 495 762 quo
527 682 635 765 sciam,
658 681 769 745 editum
785 681 832 766 ιβ.
879 682 1004 747 Mitetis
1018 685 1143 766 quidem

259 770 288 830 id
307 769 431 842 merite,
455 766 605 847 cumipse
629 766 666 826 ad
683 763 820 844 Gregorii
848 764 916 829 Leti
938 765 1061 830 ltaliam
1083 767 1146 831 Re·
1175 773 1178 780 '

258 865 407 932 gnantem
422 870 472 912 an.
493 849 585 924 1676.
608 850 736 923 editam,
756 851 844 914 Parte
854 849 917 925 lv.
938 871 968 932 p.
982 870 1051 928 377.
1072 871 1146 932 pro-

196 980 199 984 ·
259 935 440 1009 vocet,.ubi
471 935 535 997 non
561 931 659 995 solum
683 932 750 995 libri
779 933 896 1008 titulus,
921 934 967 996 scd
998 935 1027 996 δι
1052 935 1146 997 editio

259 1017 322 1099 ejus
337 1015 539 1083 Bononiensis
556 1034 606 1076 an.
629 1021 720 1092 1673.
742 1037 788 1078 12.
803 1016 941 1092 affertur,
964 1018 1029 1082 imo
1052 1021 1082 1083 δι
1099 1017 1146 1081 Ιο-

261 1103 291 1163 ci
306 1103 444 1186 quidam,
467 1100 626 1181 exquibus
646 1099 783 1161 conditio
803 1101 863 1182 ejus
887 1100 1030 1165 aestimari
1044 1100 1147 1182 pollit,

261 1198 459 1264 promuntur.
477 1182 604 1248 Secutus
621 1195 725 1243 tamen
740 1181 921 1267 Marhofium
931 1182 972 1245 est
986 1183 1148 1247 Theodorus

262 1265 432 1416 Yattffonius
447 1267 484 1329 al
500 1263 679 1330 Almeloveen
694 1267 725 1328 in
752 1265 940 1330 Bibliotheca
958 1266 1101 1350 promill'a
1117 1271 1147 1333 δι

275 1367 377 1415 atente
388 1375 417 1434 p.
436 1374 464 1414 2.
508 1349 628 1414 Primus
648 1369 687 1411 ex
710 1347 891 1414 nostratibus
919 1349 1146 1435 Bibliothecam

263 1437 343 1499 hanc
358 1436 544 1522 frequenter,
566 1433 614 1496 sed
636 1433 734 1496 obiter
759 1445 899 1509 tantum,
911 1433 1023 1516 allegat
1044 1434 1148 1515 Georg.

265 1518 420 1601 Matthias
443 1515 583 1597 Konigius
599 1517 631 1579 in
646 1514 839 1580 Bibliotheca
854 1515 965 1580 Vetere
987 1519 1016 1582 δι
1039 1519 1149 1596 Nova,

258 1598 392 1669 'altorfii
411 1604 502 1680 1678.
529 1601 630 1672 edita;
653 1601 770 1680 primus
786 1612 890 1664 autem
905 1599 1034 1667 Vincent.
1058 1601 1149 1667 Plac-

263 1687 337 1764 cius,
353 1695 367 1758 ὅ
384 1688 569 1770 minim,
589 1684 625 1744 de
639 1681 686 1744 his
699 1682 764 1743 aliis
781 1684 932 1766 queliteris
945 1689 1063 1768 egregie
1077 1709 1149 1771 pro·

267 1773 416 1840 meritus,
451 1779 557 1829 curate
592 1767 630 1839 de
656 1764 762 1837 eadem
781 1769 921 1848 exposuit
948 1770 979 1831 in
1006 1771 1150 1835 Theatro

265 1853 553 1932 Pseudonymorum
572 1868 602 1928 p.
629 1847 680 1908 61.
707 1847 821 1927 inquo
845 1852 971 1912 eandem
992 1853 1098 1932 passim
1112 1859 1157 1924 ad,

267 1952 369 2022 partes
389 1943 495 2006 vocat,
517 1933 567 1996 ubi
584 1933 620 1992 de
641 1930 794 2007 Anonymis
816 1930 861 1994 vel
882 1930 1084 2016 Pseudonymis
1097 1940 1150 2003 de·

264 2021 402 2103 tegendis
414 2018 526 2097 agitur.
569 2011 684 2077 Placcii
698 2032 789 2094 opera
804 2012 922 2096 adjutus
937 2015 1003 2080 Pet.
1022 2017 1149 2097 Belius,

262 2107 316 2189 qui
335 2105 395 2189 ipse
412 2100 524 2163 librum
546 2117 609 2163 non
632 2097 770 2172 viderat,
802 2098 940 2162 rationes¹
963 2100 1023 2183 ejus
1052 2104 1148 2186 quali-

215 2255 219 2261 ,
262 2206 384 2273 cunque
398 2184 492 2247 modo
507 2181 539 2244 in
550 2179 747 2245 Diilionario
769 2177 1077 2263 Historic0·Critico,
1096 2189 1150 2253 suo

265 2274 350 2346 loco,
367 2269 419 2334 sub
429 2264 540 2348 Aptasti
554 2264 681 2329 nomine
698 2265 853 2348 exposuit,
866 2265 994 2328 eruditos
1011 2266 1091 2339 illius
1101 2270 1151 2333 dc·

258 2353 366 2446 fiderit
385 2348 566 2416 vehementer
594 2348 661 2410 duci
691 2349 770 2411 inter
787 2361 885 2415 cetera
900 2350 1033 2416 testatus.
1076 2348 1151 2419 Μαί

243 2440 344 2508 mini
363 2438 457 2500 etiam
475 2433 552 2498 Rev.
573 2433 628 2522 Ji.
648 2429 811 2510 Voigtium,
833 2434 971 2503 amicum
996 2434 1151 2517 nostrum,

264 2519 479 2589 honorificam¹
504 2518 566 2603 ejus
595 2519 627 2580 in
659 2514 813 2597 Catalogo
851 2516 1148 2587 Historico-Critic'o

263 2608 414 2673 librorum
428 2603 595 2678 rariorum,
608 2622 638 2682 p.
659 2618 707 2676 13·
721 2600 802 2663 inter
815 2601 905 2665 libros
916 2605 1041 2666 rariores
1052 2604 1151 2669 facere

267 2691 474 2763 mentionem,
495 2686 590 2768 qualis
610 2683 706 2747 etiam
726 2683 758 2747 in
775 2683 930 2766 Catalogo
947 2684 1149 2754 Bibliotheca

267 2773 517 2838 Menckemianae
542 2790 572 2851 p.
596 2773 645 2845 83.
664 2769 812 2830 occurrit.
856 2766 1013 2850 Compara
1029 2791 1149 2915 ‹puoque

265 2854 413 2936 sheaphili
437 2852 549 2915 sinceri
576 2852 874 2917 commentationem
903 2873 1034 2917 vernaco
1048 2874 1098 2918 am
1114 2859 1151 2920 de

263 2942 413 3009 veteribus
431 2937 525 3021 iisque
536 2936 694 2999 rarioribus
712 2934 796 2998 libris
810 2935 929 3001 Fascio.
948 2937 971 2998 l.
1000 2937 1078 3002 Sett.
1105 2940 1149 3004 ll.

265 3051 295 3112 p.
315 3045 363 3104 59.
390 3022 490 3086 Causa
512 3019 619 3102 utique
640 3016 702 3080 non
719 3037 778 3080 una
802 3030 879 3095 erat,
903 3040 959 3082 cur
985 3023 1092 3086 eruditi
1113 3023 1150 3088 li-

263 3111 378 3176 bellum
401 3105 522 3189 propius
537 3099 618 3166 nosse
638 3115 796 3180 cuperent.
841 3101 992 3185 Qramvis
1007 3108 1093 3177 enim
1106 3109 1149 3173 ita

265 3193 339 3260 istit
363 3200 573 3269 comparatus,
594 3199 631 3247 ut
649 3183 693 3247 illi
707 3197 830 3249 tantum
853 3186 922 3253 data
944 3209 1035 3270 opera
1058 3211 1149 3255 cotn-

263 3288 489 3347 memorentur,
513 3271 564 3354 qui
590 3265 716 3414 Apropo,
747 3269 779 3331 in
804 3267 995 3337 Bibliotheca
1026 3276 1076 3337 sua
1101 3276 1149 3338 in·

262 3361 400 3426 struenda
415 3357 558 3428 versanti,
581 3355 654 3416 bene
677 3370 731 3416 cos
760 3355 788 3416 se
817 3350 1034 3437 praestiterunt,
1068 3357 1151 3424 libris

259 3446 306 3511 vel
319 3445 387 3518 suis,
411 3440 457 3502 vel
472 3441 604 3502 aliorum
619 3435 740 3499 donatis
753 3462 762 3510 3
777 3458 903 3518 operam
926 3455 1033 3503 tamen
1059 3438 1151 3517 fimul

260 3529 342 3597 dedit
356 3523 490 3598 Auctor,
511 3536 547 3586 ut
562 3524 598 3585 de
613 3522 693 3598 vita,
713 3521 829 3586 meritis
844 3523 1031 3609 scriptisque,
1056 3522 1076 3587 fi
1092 3545 1152 3610 qua

217 3670 265 3779 ἱ
1090 3610 1154 3674 edr-
