2742 4242
272 380 332 442 zu
462 368 994 443 aratrornaca
1059 452 1121 467 ,,

265 580 308 644 A.
325 578 376 643 Μ.
402 578 441 644 c.
465 544 592 643 nxrv.
616 574 1150 681 rnn.x11.v1.1n.snr²p‘r.

288 742 352 807 Hic
365 744 547 807 Nonacrina
554 740 652 823 jacet,
669 740 839 803 medicantis
849 737 923 825 filie
939 737 1054 819 Grilli,

289 825 417 913 Caelestis
433 826 556 888 medicus
571 825 631 902 det,
656 823 732 904 quod
744 824 842 888 Pater
854 822 938 887 haud
957 824 1043 889 dedit
1055 826 1114 907 ila,

286 908 391 995 Quam
399 910 506 992 sanare
519 909 614 973 minus
631 910 728 987 potuit
742 907 884 971 medicina
894 918 1040 987 paterna,

287 992 415 1079 Caelestis
429 993 554 1057 medicus
559 991 671 1079 solvet,
686 990 756 1054 dans
778 1010 869 1070 regna
889 992 1030 1072 fitptrna.

604 1076 670 1141 Pet.
685 1076 723 1138 de
737 1074 872 1139 Alberic.
890 1073 1129 1143 Medicusfecit.

309 1244 420 1309 Petrus
435 1243 599 1319 Albericas,
622 1241 752 1307 Alberico
780 1241 815 1306 dc
829 1242 940 1319 Porta,
959 1242 1144 1324 Ravennati,

265 1329 408 1413 sanguine
431 1327 554 1410 jundio,
577 1326 708 1410 JCTus
723 1326 939 1394 celeberrimus
961 1327 993 1392 te
1011 1328 1146 1395 Medicus

262 1413 532 1496 praestantiffimus,
545 1413 591 1475 sed
616 1408 726 1487 Grillt,
746 1409 886 1475 Doctore
915 1412 985 1488 suo,
1009 1413 1144 1491 inferior,

266 1499 284 1579 (
304 1500 395 1580 uippe
429 1499 462 1565 ui
482 1516 565 1561 anno
591 1514 670 1560 1100
691 1492 809 1570 floruit,
831 1496 863 1561 δι
882 1495 1074 1563 medicinam
1090 1512 1144 1563 tan

264 1580 295 1645 fe
310 1584 395 1649 'citer
408 1521 494 1657 lecit,
505 1595 542 1643 ut
554 1581 661 1644 locum
675 1578 967 1671 faceretproverbio
979 1579 1144 1645 hodienum

264 1665 470 1753 frequentato,
492 1664 573 1750 quod
596 1682 708 1743 nempe
722 1661 952 1727 medicina-«M.-
972 1660 1079 1727 -Gritti
1091 1683 1144 1727 me·

264 1749 385 1825 deutur,
408 1758 478 1811 utut
492 1768 545 1812 non
558 1744 671 1832 cttfiet,
694 1745 850 1832 quomado)
874 1748 991 1811 mederi
1017 1748 1064 1815 iili
1089 1748 1145 1813 fm-

264 1832 323 1897 stra
354 1845 484 1898 conatus
517 1845 761 1895 monumentum
789 1831 849 1895 hoc
865 1832 995 1913 ‘posuit
1013 1852 1025 1899 ·,
1057 1832 1143 1919 Quod

175 1948 180 1967 =
263 1937 338 1991 cum
358 1914 636 1999 praestantissimum
651 1912 701 1990 srt,
727 1928 874 2001 tanquam
889 1917 944 1982 cui
967 1913 1091 1989 Medici
1102 1916 1143 1981 in·

264 2000 386 2084 inngnis
410 2003 561 2066 memoria
582 2000 741 2076 debeatur,
766 2018 876 2081 parurn
905 2011 1019 2063 tamen
1043 2000 1145 2077 abiirit,

261 2086 338 2167 quin
358 2086 475 2168 aliquot
493 2084 604 2149 abhinc
627 2084 714 2145 annis
732 2103 807 2148 cum
821 2082 887 2147 aliis
900 2083 1027 2169 aliquot
1044 2084 1149 2153 nullior

261 2180 346 2230 notae
363 2167 510 2247 lapidibus
523 2167 712 2248 abjiceretur.
760 2165 895 2230 Ovidius·
921 2182 1034 2233 autem
1060 2168 1140 2236 Mor·

261 2246 408 2324 rollanus,
430 2251 483 2333 qui
496 2249 569 2315 illud
590 2248 669 2313 forte
694 2248 820 2313 fortuna
834 2252 1057 2333 conspexerat,
1118 2254 1138 2299 '-

260 2352 320 2416 que
338 2332 521 2399 illustrandae
538 2334 653 2415 patriae
674 2334 761 2408 suae,
783 2336 883 2421 quoad
910 2337 1059 2418 superstet
1090 2338 1138 2411 uit,
1215 2414 1216 2419 ἵ

260 2438 390 2483 omnem
404 2437 530 2500 operam
545 2416 865 2500 impendit,effecit,ut
881 2439 976 2484 muro
996 2420 1138 2487 monaste
1214 2468 1216 2475 ι

260 2503 298 2565 rii
319 2501 348 2566 S.
374 2503 409 2566 St
445 2502 532 2578 bani,
548 2502 618 2567 loco
641 2503 821 2585 conspicuo,
839 2504 1037 2571 insereretur.
1081 2506 1137 2569 Hu-

254 2586 305 2668 jus
322 2589 363 2650 rei
387 2585 553 2650 Glareanus
575 2590 607 2651 in
630 2585 739 2666 Clypea·
754 2585 882 2650 Rinaldi
900 2608 973 2672 cap.
988 2588 1090 2653 .xv1.
1111 2610 1135 2670 p
1211 2585 1216 2643 l

260 2676 311 2745 78.
327 2672 493 2744 meminit;
520 2691 579 2754 ego
603 2690 676 2735 vero
705 2690 773 2733 earn
798 2670 925 2736 edoctus
948 2674 1021 2738 sum
1047 2694 1097 2756 per
1116 2673 1135 2735 i·

258 2752 594 2840 obumbrabant)
616 2752 774 2836 epistolam
785 2774 835 2819 an.
855 2755 951 2834 1645.
970 2778 1016 2827 zo
1026 2755 1135 2840 Junad
1215 2771 1216 2776 ¹

260 2835 298 2899 F.
315 2838 483 2916 Angelicuna
500 2839 657 2920 scriptam,
679 2839 849 2922 cujusmodi
869 2841 1036 2925 integrum
1059 2842 1133 2909 volu·
1214 2907 1216 2916 Α

260 2938 332 2985 rnen
347 2922 428 2986 idem
443 2920 578 3003 polirdet.

291 3182 293 3187 .
648 3124 728 3192 xn.
804 3178 807 3185 .
1206 3192 1214 3217 ,,

339 3272 725 3342 ΒΕΝΕυιοτυε
771 3264 1062 3363 oniscon,
1148 3244 1151 3251 ’
1212 3222 1216 3229 ’

299 3424 483 3505 Genuenfis,
502 3425 683 3507 Bibliopold.
726 3426 843 3511 Pauper
866 3398 1012 3515 quidem,
1037 3432 1084 3497 sed
1097 3450 1135 3497 rt·

255 3508 312 3591 gia:
337 3511 446 3585 indolis
473 3525 552 3592 erat,
585 3512 666 3580 unde
694 3514 851 3580 neminem
879 3532 923 3581 ex
943 3514 1075 3582 officina
1093 3516 1136 3579 sua
1213 3544 1216 3560 π

357 3628 360 3635 ’
991 3620 1134 3677 vacuum,
