2742 4242
283 429 322 471 20
447 407 976 478 BIBLIOTHEC'A

283 534 381 598 Anno
396 530 448 598 M.
459 533 537 600 DC.
554 533 667 599 LXX.
688 533 755 615 pust
769 533 895 612 Pascha,
914 533 1048 599 Redtura
1063 532 1094 596 S.
1109 532 1171 617 Ja-

283 617 353 683 cobi
369 613 556 685 Bononienfi
569 619 728 695 decedens,
740 615 889 683 Genuam
916 619 954 681 ad
971 617 1003 681 S.
1025 615 1172 685 Mariam

284 697 319 760 do
335 699 526 785 Consolatione
546 703 643 779 venit,
669 722 707 764 eo
727 716 890 785 tempore,
912 722 974 787 quo
993 699 1172 781 Capitulum

284 786 463 868 congregari
480 786 615 849 debebat.
661 784 885 851 convenerant
899 787 1073 861 ibiomnes,
1109 786 1172 871 uo?

284 886 356 930 rum
372 881 437 933 erat
460 866 601 952 fuffragia
613 868 703 945 ferre,
718 890 754 933 eo
774 864 913 946 consilio,
932 883 967 933 ut
979 866 1031 932 M.
1049 866 1087 933 F.
1108 876 1177 955 ,roff
1213 872 1214 879 ’

275 948 396 1033 sporum
413 953 608 1027 Caaazzarn,
622 948 996 1035 Genuenscm,eligerent,
1006 952 1181 1019 hominem'

285 1036 423 1101 moribus
439 1037 621 1121 oprimis,&
644 1039 696 1101 cui
721 1036 927 1121 congregatio
952 1034 1003 1100 illa
1026 1056 1066 1100 ex
1082 1034 1172 1100 Prae·

285 1115 401 1196 fidatu,
429 1122 461 1183 in
484 1121 669 1201 praecedenti
686 1121 834 1201 Capitulo
855 1120 964 1202 gesto,
985 1120 1123 1185 multum
1142 1122 1171 1185 se
1193 1148 1195 1155 ·

284 1203 389 1266 debere
397 1201 609 1286 profitebatur.
656 1202 743 1269 Cum
762 1224 835 1270 vero
849 1203 884 1268 P.
898 1203 951 1268 M.
975 1201 1094 1299 Gastat,
1111 1224 1170 1268 cu·
1189 1246 1194 1253 -

279 1288 329 1371 jus
357 1284 521 1372 discipulus
547 1288 626 1352 olim
645 1286 757 1364 fuerat,
774 1309 810 1353 eo
839 1289 958 1363 veniret
970 1288 996 1365 ,'
1006 1305 1057 1370 Jus
1077 1288 1171 1353 suum

284 1391 402 1446 omne,
420 1392 458 1434 ne
472 1373 608 1454 ingratus
623 1370 958 1455 videretur,cujusmodi
974 1371 1067 1435 multi
1083 1373 1170 1450 sunt,

283 1454 328 1521 illi
341 1453 436 1522 cefftt.
479 1455 530 1520 Ex
538 1477 600 1542 quo
619 1453 737 1522 fartum
760 1455 816 1534 est,
840 1469 877 1522 ut
898 1452 1004 1538 Gustus
1020 1474 1170 1543 commu-

284 1540 371 1602 nibus
386 1540 534 1604 omnium
559 1537 705 1622 suffragiis
728 1539 868 1606 Vicarius
881 1537 1041 1605 Generalis
1052 1542 1172 1607 renum

284 1626 434 1700 cinerum
458 1621 510 1688 M.
528 1624 679 1695 Covazzo
693 1636 812 1700 autem,
827 1623 880 1707 qui
898 1638 987 1689 antea
1007 1624 1171 1706 provincia

281 1708 333 1770 illa
354 1710 462 1792 dignus
482 1709 651 1781 videbatur,
662 1707 729 1790 jam
743 1711 781 1773 ab
802 1709 946 1774 omnibus
961 1728 1001 1771 cx
1018 1704 1099 1771 dieta
1118 1727 1171 1771 ra·

283 1794 367 1857 tione
379 1795 538 1856 haberetur
551 1788 749 1872 dign'iffimus.
794 1791 983 1859 Summatim
999 1803 1034 1856 ut
1048 1790 1171 1857 dicam:

284 1874 348 1955 qais
362 1876 444 1939 novit
468 1877 563 1958 ansam
575 1872 700 1937 Domini
709 1873 720 1936 i
736 1871 800 1935 Aut
822 1872 885 1955 quis
903 1871 1079 1951 confiliarius
1103 1873 1172 1956 ojus

274 1958 412 2046 suerit?
463 1979 517 2021 oon.
537 1955 598 2020 XI.
612 1978 661 2037 34.
686 1955 816 2021 Interim
839 1954 916 2020 mihi
932 1957 989 2020 hac
1008 1956 1171 2025 occasione

188 2113 190 2116 y
282 2063 380 2124 pauca
394 2045 498 2107 addere
512 2041 555 2104 fas
565 2039 612 2104 fit.
656 2039 744 2105 Sicut
764 2041 830 2106 haec
842 2040 1062 2123 *Congregatio
1072 2042 1169 2122 pallio

284 2127 325 2191 B.
350 2124 482 2207 Virginis
502 2124 536 2190 do
558 2122 772 2202 Consolatione,
804 2120 1027 2211 tanquamipsr
1047 2142 1170 2209 amata,

282 2211 456 2286 fovebatur,
472 2212 515 2274 ita
535 2209 700 2273 secundum
714 2209 902 2293 illud,‚quod
918 2209 1034 2291 iegitur
1048 2207 1169 2290 Apocal.

281 2293 325 2357 lll.
346 2316 393 2376 ¹9·
438 2291 522 2379 §2qu
534 2311 613 2367 arno,
627 2312 719 2372 arguo
734 2293 768 2356 {ii
779 2291 900 2378 castigo}
929 2291 1172 2376 molestiaquae·

282 2380 355 2444 dam
368 2379 560 2445 exantlandae
583 2376 626 2441 illi
644 2378 903 2461 immittebantur,
918 2398 992 2443 curn
1006 2377 1043 2440 de
1051 2377 1172 2449 duobus

286 2464 499 2530 Conventibus
517 2463 675 2547 praecipuis
697 2460 740 2525 illi
764 2462 956 2539 adimendis,
980 2459 1171 2535 Eronitanis

283 2568 394 2630 nempe
415 2545 640 2630 Parmonfibos,
666 2542 878 2613 &Conventu
893 2543 1053 2609 Trinitatis
1067 2543 1171 2610 Vitor-

283 2634 394 2715 bienfis,
410 2647 561 2716 ageretur,
575 2631 627 2714 qui
635 2628 779 2713 posterior
789 2648 871 2695 anno
883 2629 937 2699 M.
954 2627 1031 2693 DC.
1047 2627 1109 2695 Lll.
1127 2630 1169 2697 F.

283 2722 419 2806 Angelico
430 2722 577 2787 bucceam
604 2733 744 2778 amaram
768 2732 833 2779 non
847 2733 942 2779 unam
957 2712 1170 2780 devorandum

283 2811 407 2895 objecit.
452 2804 513 2867 Hic
528 2800 641 2866 scilicet
657 2796 840 2864 Conventus
854 2817 871 2860 a
887 2794 1049 2862 Cardinale
1066 2795 1147 2877 Aegi
1153 2835 1169 2848 -

284 2893 343 2970 dio,
359 2888 542 2955 immortalis
567 2883 739 2953 memorie.
757 2881 999 2965 Congregationi
1021 2880 1167 2960 donatus,

285 2982 316 3045 do
332 2971 522 3043 aLEONE
539 2968 582 3033 X.
603 2966 638 3030 P.
651 2965 702 3027 M.
719 2965 814 3027 Brevi
827 2964 930 3050 aliquo
955 2963 1074 3043 speciali
1088 2984 1167 3029 con-

286 3063 426 3127 firmatus
440 3054 555 3139 postea,
575 3052 608 3113 in
621 3049 790 3115 miserrima
806 3064 872 3112 erat
886 3047 1076 3124 conditione,
1091 3052 1169 3114 adeo

286 3163 322 3212 ut
337 3147 390 3210 vix
416 3142 465 3205 sex
486 3150 539 3200 aut
554 3136 667 3214 septem
696 3144 871 3195 numeraret
901 3130 1106 3205 Monachus,
1133 3133 1168 3197 do

283 3227 422 3295 interitui
446 3222 605 3303 proximus
615 3213 697 3280 ess'et.
734 3204 841 3279 meus
867 3216 1057 3300 autem,¹qui
1076 3214 1168 3281 illum

181 3356 184 3363 ·
267 3309 516 3395 merite-nollet,
543 3299 801 3384 Congregationis
824 3297 911 3393 hujus
938 3300 1009 3361 n'avi
1041 3295 1168 3383 Gastoon

269 3400 372 3460 dabat
391 3391 592 3461 nauclerum,
631 3386 684 3469 qui
713 3383 844 3466 rationes
866 3401 927 3459 ejus
949 3395 1014 3446 tam
1041 3382 1170 3468 liquidas

283 3481 367 3558 fecit,
389 3468 438 3555 ut,
452 3495 515 3543 non
543 3469 735 3557 obstantibus
750 3464 1032 3547 contradidionum
1046 3466 1167 3567 aquilq-

680 3578 683 3583 ·
774 3580 776 3585 ·
1008 3604 1012 3611 .
1059 3572 1068 3599 ··
1118 3568 1168 3615 nt-
