<?xml version="1.0" encoding="UTF-8"?>
<!DOCTYPE html PUBLIC "-//W3C//DTD XHTML 1.0 Transitional//EN"
    "http://www.w3.org/TR/xhtml1/DTD/xhtml1-transitional.dtd">
<html xmlns="http://www.w3.org/1999/xhtml" xml:lang="en" lang="en">
 <head>
  <title>
</title>
<meta http-equiv="Content-Type" content="text/html;charset=utf-8" />
  <meta name='ocr-system' content='tesseract 3.04.00' />
  <meta name='ocr-capabilities' content='ocr_page ocr_carea ocr_par ocr_line ocrx_word'/>
</head>
<body>
  <div class='ocr_page' id='page_1' title='image "bibliothecaapro00aprogoog_0227.png"; bbox 0 0 2742 4242; ppageno 0'>
   <div class='ocr_carea' id='block_1_1' title="bbox 445 320 1116 420">
    <p class='ocr_par' dir='ltr' id='par_1_1' title="bbox 445 320 1116 420">
     <span class='ocr_line' id='line_1_1' title="bbox 445 320 1116 420; baseline -0.013 -6"><span class='ocrx_word' id='word_1_1' title='bbox 445 325 886 413; x_wconf 66' lang='lat' dir='ltr'>ranorum.</span> <span class='ocrx_word' id='word_1_2' title='bbox 1046 320 1116 420; x_wconf 67' lang='lat'>”217</span> 
     </span>
    </p>
   </div>
   <div class='ocr_carea' id='block_1_2' title="bbox 222 454 1128 3052">
    <p class='ocr_par' dir='ltr' id='par_1_2' title="bbox 222 454 1128 3052">
     <span class='ocr_line' id='line_1_2' title="bbox 235 454 1117 549; baseline -0.005 -24"><span class='ocrx_word' id='word_1_3' title='bbox 235 460 396 528; x_wconf 69' lang='lat' dir='ltr'>tranuito</span> <span class='ocrx_word' id='word_1_4' title='bbox 422 459 564 549; x_wconf 83' lang='lat' dir='ltr'>iaborese</span> <span class='ocrx_word' id='word_1_5' title='bbox 591 463 734 545; x_wconf 74' lang='lat' dir='ltr'>cognoscat</span> <span class='ocrx_word' id='word_1_6' title='bbox 750 459 874 543; x_wconf 75' lang='lat' dir='ltr'>juvenis</span> <span class='ocrx_word' id='word_1_7' title='bbox 894 459 1040 540; x_wconf 63' lang='lat' dir='ltr'>taurum,</span> <span class='ocrx_word' id='word_1_8' title='bbox 1065 454 1117 541; x_wconf 71' lang='lat' dir='ltr'>qia·</span> 
     </span>
     <span class='ocr_line' id='line_1_3' title="bbox 226 543 1118 628; baseline 0.001 -19"><span class='ocrx_word' id='word_1_9' title='bbox 226 545 323 627; x_wconf 80' lang='lat' dir='ltr'>juxto</span> <span class='ocrx_word' id='word_1_10' title='bbox 335 547 574 612; x_wconf 79' lang='lat' dir='ltr'>Grammaticom</span> <span class='ocrx_word' id='word_1_11' title='bbox 589 559 688 610; x_wconf 83' lang='lat' dir='ltr'>cernat</span> <span class='ocrx_word' id='word_1_12' title='bbox 699 543 864 628; x_wconf 82' lang='lat' dir='ltr'>gloffemata</span> <span class='ocrx_word' id='word_1_13' title='bbox 879 566 1012 611; x_wconf 79' lang='lat' dir='ltr'>connexa.</span> <span class='ocrx_word' id='word_1_14' title='bbox 1050 543 1118 610; x_wconf 79' lang='lat' dir='ltr'>lm·</span> 
     </span>
     <span class='ocr_line' id='line_1_4' title="bbox 235 627 1116 714; baseline 0.005 -21"><span class='ocrx_word' id='word_1_15' title='bbox 235 631 363 712; x_wconf 77' lang='lat' dir='ltr'>predum</span> <span class='ocrx_word' id='word_1_16' title='bbox 397 633 543 714; x_wconf 84' lang='lat' dir='ltr'>Lugduni</span> <span class='ocrx_word' id='word_1_17' title='bbox 567 633 676 696; x_wconf 84' lang='lat' dir='ltr'>arte&amp;</span> <span class='ocrx_word' id='word_1_18' title='bbox 693 629 835 694; x_wconf 86' lang='lat' dir='ltr'>industria</span> <span class='ocrx_word' id='word_1_19' title='bbox 850 633 981 696; x_wconf 85' lang='lat' dir='ltr'>Antonii</span> <span class='ocrx_word' id='word_1_20' title='bbox 996 632 1036 693; x_wconf 91' lang='lat' dir='ltr'>du</span> <span class='ocrx_word' id='word_1_21' title='bbox 1053 627 1116 712; x_wconf 83' lang='lat' dir='ltr'>Ry.</span> 
     </span>
     <span class='ocr_line' id='line_1_5' title="bbox 234 709 1116 801; baseline -0.002 -22"><span class='ocrx_word' id='word_1_22' title='bbox 234 713 329 779; x_wconf 70' lang='lat' dir='ltr'>Anno</span> <span class='ocrx_word' id='word_1_23' title='bbox 343 718 361 778; x_wconf 73' lang='lat' dir='ltr'>a</span> <span class='ocrx_word' id='word_1_24' title='bbox 377 714 437 779; x_wconf 89' lang='lat' dir='ltr'>Vir</span> <span class='ocrx_word' id='word_1_25' title='bbox 462 717 517 780; x_wconf 81' lang='lat' dir='ltr'>inis</span> <span class='ocrx_word' id='word_1_26' title='bbox 535 731 631 799; x_wconf 40' lang='lat' dir='ltr'>partu!</span> <span class='ocrx_word' id='word_1_27' title='bbox 652 711 830 790; x_wconf 86' lang='lat' dir='ltr'>miilefim0,</span> <span class='ocrx_word' id='word_1_28' title='bbox 857 709 1116 801; x_wconf 57' lang='lat' dir='ltr'>quingentesimo</span> 
     </span>
     <span class='ocr_line' id='line_1_6' title="bbox 233 795 1116 884; baseline -0.005 -21"><span class='ocrx_word' id='word_1_29' title='bbox 233 795 391 881; x_wconf 79' lang='lat' dir='ltr'>vigefimo.</span> <span class='ocrx_word' id='word_1_30' title='bbox 473 801 500 862; x_wconf 88' lang='lat' dir='ltr'>ie</span> <span class='ocrx_word' id='word_1_31' title='bbox 519 801 568 861; x_wconf 83' lang='lat'>26.</span> <span class='ocrx_word' id='word_1_32' title='bbox 591 797 700 862; x_wconf 80' lang='lat' dir='ltr'>meniis</span> <span class='ocrx_word' id='word_1_33' title='bbox 715 796 844 880; x_wconf 88' lang='lat' dir='ltr'>Januar.</span> <span class='ocrx_word' id='word_1_34' title='bbox 890 799 990 884; x_wconf 84' lang='lat' dir='ltr'>Hujus</span> <span class='ocrx_word' id='word_1_35' title='bbox 1003 798 1116 861; x_wconf 86' lang='lat' dir='ltr'>editio·</span> 
     </span>
     <span class='ocr_line' id='line_1_7' title="bbox 230 879 1119 958; baseline 0 -14"><span class='ocrx_word' id='word_1_36' title='bbox 230 884 296 958; x_wconf 79' lang='lat' dir='ltr'>nis,</span> <span class='ocrx_word' id='word_1_37' title='bbox 319 879 467 946; x_wconf 85' lang='lat' dir='ltr'>beneficio</span> <span class='ocrx_word' id='word_1_38' title='bbox 489 880 587 946; x_wconf 77' lang='lat' dir='ltr'>Carolz</span> <span class='ocrx_word' id='word_1_39' title='bbox 611 882 732 958; x_wconf 81' lang='lat' dir='ltr'>Macri,</span> <span class='ocrx_word' id='word_1_40' title='bbox 757 880 898 945; x_wconf 73' lang='lat' dir='ltr'>Custodit</span> <span class='ocrx_word' id='word_1_41' title='bbox 939 883 1009 948; x_wconf 91' lang='lat' dir='ltr'>rimi</span> <span class='ocrx_word' id='word_1_42' title='bbox 1038 880 1119 944; x_wconf 74' lang='lat' dir='ltr'>illius</span> 
     </span>
     <span class='ocr_line' id='line_1_8' title="bbox 223 903 1114 1055; baseline -0.004 -26"><span class='ocrx_word' id='word_1_43' title='bbox 223 964 450 1045; x_wconf 41' lang='lat' dir='ltr'>,Bibliothocm</span> <span class='ocrx_word' id='word_1_44' title='bbox 481 969 553 1030; x_wconf 78' lang='lat' dir='ltr'>visae</span> <span class='ocrx_word' id='word_1_45' title='bbox 575 968 718 1037; x_wconf 81' lang='lat' dir='ltr'>meminit</span> <span class='ocrx_word' id='word_1_46' title='bbox 740 962 878 1030; x_wconf 76' lang='lat' dir='ltr'>Michaei</span> <span class='ocrx_word' id='word_1_47' title='bbox 910 903 1114 1055; x_wconf 42' lang='lat' dir='ltr'>fustinianum</span> 
     </span>
     <span class='ocr_line' id='line_1_9' title="bbox 230 1048 1114 1132; baseline 0 -22"><span class='ocrx_word' id='word_1_48' title='bbox 230 1050 350 1122; x_wconf 83' lang='lat' dir='ltr'>Abbas,</span> <span class='ocrx_word' id='word_1_49' title='bbox 365 1048 382 1109; x_wconf 79' lang='lat' dir='ltr'>a</span> <span class='ocrx_word' id='word_1_50' title='bbox 396 1049 490 1114; x_wconf 82' lang='lat' dir='ltr'>literis</span> <span class='ocrx_word' id='word_1_51' title='bbox 510 1049 768 1124; x_wconf 82' lang='lat' dir='ltr'>celebratiffimus,</span> <span class='ocrx_word' id='word_1_52' title='bbox 782 1072 812 1132; x_wconf 94' lang='lat' dir='ltr'>p.</span> <span class='ocrx_word' id='word_1_53' title='bbox 841 1068 913 1126; x_wconf 84' lang='lat'><em>303.</em></span> <span class='ocrx_word' id='word_1_54' title='bbox 933 1050 1114 1130; x_wconf 81' lang='lat' dir='ltr'><em>Scriptorum</em></span> 
     </span>
     <span class='ocr_line' id='line_1_10' title="bbox 228 1129 1115 1216; baseline 0.001 -22"><span class='ocrx_word' id='word_1_55' title='bbox 228 1129 397 1210; x_wconf 84' lang='lat' dir='ltr'>Ligurum,</span> <span class='ocrx_word' id='word_1_56' title='bbox 420 1134 527 1196; x_wconf 84' lang='lat' dir='ltr'>addens</span> <span class='ocrx_word' id='word_1_57' title='bbox 550 1149 711 1214; x_wconf 66' lang='lat' dir='ltr'>praterea,</span> <span class='ocrx_word' id='word_1_58' title='bbox 744 1135 781 1194; x_wconf 65' lang='lat' dir='ltr'>»in</span> <span class='ocrx_word' id='word_1_59' title='bbox 807 1130 950 1198; x_wconf 79' lang='lat' dir='ltr'>Vaticana</span> <span class='ocrx_word' id='word_1_60' title='bbox 970 1132 1115 1216; x_wconf 82' lang='lat' dir='ltr'>exempla</span> 
     </span>
     <span class='ocr_line' id='line_1_11' title="bbox 227 1214 1114 1296; baseline 0.008 -20"><span class='ocrx_word' id='word_1_61' title='bbox 227 1215 294 1296; x_wconf 85' lang='lat' dir='ltr'>ejus</span> <span class='ocrx_word' id='word_1_62' title='bbox 308 1214 432 1292; x_wconf 86' lang='lat' dir='ltr'>exstare,</span> <span class='ocrx_word' id='word_1_63' title='bbox 455 1237 485 1291; x_wconf 73' lang='grc' dir='ltr'>η,</span> <span class='ocrx_word' id='word_1_64' title='bbox 508 1237 600 1295; x_wconf 81' lang='lat'>1472,</span> <span class='ocrx_word' id='word_1_65' title='bbox 627 1237 723 1296; x_wconf 81' lang='lat'>1473,</span> <span class='ocrx_word' id='word_1_66' title='bbox 749 1215 895 1293; x_wconf 81' lang='lat'>&amp;-1474.</span> <span class='ocrx_word' id='word_1_67' title='bbox 926 1215 1029 1283; x_wconf 90' lang='lat' dir='ltr'>officio</span> <span class='ocrx_word' id='word_1_68' title='bbox 1059 1220 1114 1282; x_wconf 68' lang='lat' dir='ltr'>stro</span> 
     </span>
     <span class='ocr_line' id='line_1_12' title="bbox 228 1295 1113 1448; baseline 0.003 -87"><span class='ocrx_word' id='word_1_69' title='bbox 228 1300 302 1444; x_wconf 53' lang='grc' dir='ltr'>[Ἐς</span> <span class='ocrx_word' id='word_1_70' title='bbox 318 1299 462 1448; x_wconf 51' lang='lat' dir='ltr'>fpfdiunu,</span> <span class='ocrx_word' id='word_1_71' title='bbox 480 1314 516 1366; x_wconf 94' lang='lat' dir='ltr'>ut</span> <span class='ocrx_word' id='word_1_72' title='bbox 534 1321 588 1385; x_wconf 89' lang='lat' dir='ltr'>par</span> <span class='ocrx_word' id='word_1_73' title='bbox 609 1314 689 1373; x_wconf 83' lang='lat' dir='ltr'>erat,</span> <span class='ocrx_word' id='word_1_74' title='bbox 712 1295 734 1360; x_wconf 89' lang='lat' dir='ltr'>fi</span> <span class='ocrx_word' id='word_1_75' title='bbox 753 1299 898 1362; x_wconf 78' lang='lat' dir='ltr'>editiones</span> <span class='ocrx_word' id='word_1_76' title='bbox 925 1298 1113 1383; x_wconf 78' lang='lat' dir='ltr'>singulorum</span> 
     </span>
     <span class='ocr_line' id='line_1_13' title="bbox 279 1462 1111 1552; baseline 0.002 -23"><span class='ocrx_word' id='word_1_77' title='bbox 279 1467 390 1535; x_wconf 88' lang='lat' dir='ltr'>Vereor</span> <span class='ocrx_word' id='word_1_78' title='bbox 407 1481 528 1540; x_wconf 86' lang='lat' dir='ltr'>autern,</span> <span class='ocrx_word' id='word_1_79' title='bbox 550 1484 589 1526; x_wconf 88' lang='lat' dir='ltr'>ne</span> <span class='ocrx_word' id='word_1_80' title='bbox 607 1463 811 1537; x_wconf 81' lang='lat' dir='ltr'>hallucinatus</span> <span class='ocrx_word' id='word_1_81' title='bbox 825 1462 895 1541; x_wconf 86' lang='lat' dir='ltr'>sun,</span> <span class='ocrx_word' id='word_1_82' title='bbox 924 1467 1046 1552; x_wconf 76' lang='lat' dir='ltr'>quando</span> <span class='ocrx_word' id='word_1_83' title='bbox 1064 1469 1111 1531; x_wconf 86' lang='lat' dir='ltr'>su·</span> 
     </span>
     <span class='ocr_line' id='line_1_14' title="bbox 228 1545 1113 1692; baseline 0.006 -80"><span class='ocrx_word' id='word_1_84' title='bbox 228 1569 283 1634; x_wconf 88' lang='lat' dir='ltr'>pra</span> <span class='ocrx_word' id='word_1_85' title='bbox 308 1552 420 1634; x_wconf 78' lang='lat' dir='ltr'>scripti,</span> <span class='ocrx_word' id='word_1_86' title='bbox 453 1545 794 1692; x_wconf 44' lang='lat' dir='ltr'>primamtSCalepini)</span> <span class='ocrx_word' id='word_1_87' title='bbox 810 1578 814 1586; x_wconf 83' lang='grc'><em>·</em></span> <span class='ocrx_word' id='word_1_88' title='bbox 828 1551 994 1614; x_wconf 86' lang='lat' dir='ltr'>editionem</span> <span class='ocrx_word' id='word_1_89' title='bbox 1025 1565 1113 1617; x_wconf 87' lang='lat' dir='ltr'>&#39;anno</span> 
     </span>
     <span class='ocr_line' id='line_1_15' title="bbox 231 1629 1111 1727; baseline 0.003 -34"><span class='ocrx_word' id='word_1_90' title='bbox 231 1639 313 1716; x_wconf 81' lang='lat'>&#39;1509</span> <span class='ocrx_word' id='word_1_91' title='bbox 327 1635 385 1700; x_wconf 83' lang='lat' dir='ltr'>effe</span> <span class='ocrx_word' id='word_1_92' title='bbox 399 1646 551 1698; x_wconf 87' lang='lat' dir='ltr'>curatam.</span> <span class='ocrx_word' id='word_1_93' title='bbox 632 1650 690 1694; x_wconf 90' lang='lat' dir='ltr'>am·</span> <span class='ocrx_word' id='word_1_94' title='bbox 703 1630 740 1696; x_wconf 85' lang='lat' dir='ltr'>F.</span> <span class='ocrx_word' id='word_1_95' title='bbox 751 1629 822 1719; x_wconf 84' lang='lat' dir='ltr'>Jac.</span> <span class='ocrx_word' id='word_1_96' title='bbox 840 1630 950 1713; x_wconf 72' lang='lat' dir='ltr'>Philip.</span> <span class='ocrx_word' id='word_1_97' title='bbox 969 1632 1111 1727; x_wconf 65' lang='lat' dir='ltr'>orestus,</span> 
     </span>
     <span class='ocr_line' id='line_1_16' title="bbox 226 1713 1110 1801; baseline 0.001 -20"><span class='ocrx_word' id='word_1_98' title='bbox 226 1716 322 1782; x_wconf 86' lang='lat' dir='ltr'>frater</span> <span class='ocrx_word' id='word_1_99' title='bbox 342 1719 418 1801; x_wconf 85' lang='lat' dir='ltr'>ejus,</span> <span class='ocrx_word' id='word_1_100' title='bbox 439 1715 492 1786; x_wconf 80' lang='lat' dir='ltr'>tib.</span> <span class='ocrx_word' id='word_1_101' title='bbox 508 1716 555 1776; x_wconf 77' lang='lat'>16.</span> <span class='ocrx_word' id='word_1_102' title='bbox 577 1713 787 1798; x_wconf 82' lang='lat' dir='ltr'>Supplementi</span> <span class='ocrx_word' id='word_1_103' title='bbox 809 1714 1041 1782; x_wconf 76' lang='lat' dir='ltr'>chronicorum</span> <span class='ocrx_word' id='word_1_104' title='bbox 1058 1736 1110 1782; x_wconf 84' lang='lat' dir='ltr'>an.</span> 
     </span>
     <span class='ocr_line' id='line_1_17' title="bbox 231 1798 1111 1879; baseline 0.003 -15"><span class='ocrx_word' id='word_1_105' title='bbox 231 1822 325 1879; x_wconf 85' lang='lat'>1497·</span> <span class='ocrx_word' id='word_1_106' title='bbox 341 1801 396 1865; x_wconf 88' lang='lat' dir='ltr'>fol.</span> <span class='ocrx_word' id='word_1_107' title='bbox 412 1804 484 1879; x_wconf 86' lang='lat'>448.</span> <span class='ocrx_word' id='word_1_108' title='bbox 503 1803 543 1861; x_wconf 88' lang='lat' dir='ltr'>A.</span> <span class='ocrx_word' id='word_1_109' title='bbox 569 1798 642 1860; x_wconf 87' lang='lat' dir='ltr'>edit.</span> <span class='ocrx_word' id='word_1_110' title='bbox 660 1798 786 1860; x_wconf 83' lang='lat' dir='ltr'>Venetae</span> <span class='ocrx_word' id='word_1_111' title='bbox 801 1818 851 1879; x_wconf 82' lang='lat' dir='ltr'>per</span> <span class='ocrx_word' id='word_1_112' title='bbox 867 1800 984 1866; x_wconf 81' lang='lat' dir='ltr'>Albert.</span> <span class='ocrx_word' id='word_1_113' title='bbox 1000 1805 1028 1866; x_wconf 90' lang='lat' dir='ltr'>di</span> <span class='ocrx_word' id='word_1_114' title='bbox 1042 1803 1111 1866; x_wconf 90' lang='lat' dir='ltr'>Lis·</span> 
     </span>
     <span class='ocr_line' id='line_1_18' title="bbox 225 1882 1111 1963; baseline -0.009 -15"><span class='ocrx_word' id='word_1_115' title='bbox 225 1885 303 1948; x_wconf 88' lang='lat' dir='ltr'>sona</span> <span class='ocrx_word' id='word_1_116' title='bbox 327 1905 420 1963; x_wconf 60' lang='lat'>1503,</span> <span class='ocrx_word' id='word_1_117' title='bbox 444 1882 520 1953; x_wconf 90' lang='lat' dir='ltr'>illud</span> <span class='ocrx_word' id='word_1_118' title='bbox 537 1900 800 1957; x_wconf 83' lang='lat' dir='ltr'>commemorans,</span> <span class='ocrx_word' id='word_1_119' title='bbox 823 1897 874 1945; x_wconf 88' lang='lat' dir='ltr'>tan</span> <span class='ocrx_word' id='word_1_120' title='bbox 897 1903 970 1948; x_wconf 89' lang='lat' dir='ltr'>uam</span> <span class='ocrx_word' id='word_1_121' title='bbox 999 1885 1059 1961; x_wconf 72' lang='lat' dir='ltr'>&#39;tam</span> <span class='ocrx_word' id='word_1_122' title='bbox 1078 1906 1111 1951; x_wconf 81' lang='lat' dir='ltr'>e.</span> 
     </span>
     <span class='ocr_line' id='line_1_19' title="bbox 224 1904 1111 2048; baseline 0.005 -16"><span class='ocrx_word' id='word_1_123' title='bbox 224 1968 330 2032; x_wconf 88' lang='lat' dir='ltr'>ditum</span> <span class='ocrx_word' id='word_1_124' title='bbox 345 1966 444 2032; x_wconf 84' lang='lat' dir='ltr'>affert.</span> <span class='ocrx_word' id='word_1_125' title='bbox 468 1965 519 2028; x_wconf 83' lang='lat' dir='ltr'>Ex</span> <span class='ocrx_word' id='word_1_126' title='bbox 533 1985 596 2048; x_wconf 92' lang='lat' dir='ltr'>quo</span> <span class='ocrx_word' id='word_1_127' title='bbox 606 1967 688 2029; x_wconf 85' lang='lat' dir='ltr'>credi</span> <span class='ocrx_word' id='word_1_128' title='bbox 702 1966 788 2028; x_wconf 83' lang='lat' dir='ltr'>facilc</span> <span class='ocrx_word' id='word_1_129' title='bbox 804 1904 914 2046; x_wconf 63' lang='lat' dir='ltr'>poteii,</span> <span class='ocrx_word' id='word_1_130' title='bbox 929 1970 1111 2047; x_wconf 80' lang='lat' dir='ltr'>editionem,</span> 
     </span>
     <span class='ocr_line' id='line_1_20' title="bbox 249 2046 1112 2133; baseline 0.003 -19"><span class='ocrx_word' id='word_1_131' title='bbox 249 2070 323 2114; x_wconf 93' lang='lat' dir='ltr'>uam</span> <span class='ocrx_word' id='word_1_132' title='bbox 339 2053 473 2133; x_wconf 87' lang='lat' dir='ltr'>primam</span> <span class='ocrx_word' id='word_1_133' title='bbox 496 2050 571 2122; x_wconf 84' lang='lat' dir='ltr'>dixi,</span> <span class='ocrx_word' id='word_1_134' title='bbox 603 2046 658 2111; x_wconf 85' lang='lat' dir='ltr'>ess&#39;e</span> <span class='ocrx_word' id='word_1_135' title='bbox 679 2050 849 2114; x_wconf 85' lang='lat' dir='ltr'>secundam.</span> <span class='ocrx_word' id='word_1_136' title='bbox 898 2053 952 2121; x_wconf 85' lang='lat' dir='ltr'>Sed</span> <span class='ocrx_word' id='word_1_137' title='bbox 968 2066 1003 2117; x_wconf 94' lang='lat' dir='ltr'>ut</span> <span class='ocrx_word' id='word_1_138' title='bbox 1017 2049 1112 2129; x_wconf 81' lang='lat' dir='ltr'>finem</span> 
     </span>
     <span class='ocr_line' id='line_1_21' title="bbox 225 2075 1110 2225; baseline 0.006 -27"><span class='ocrx_word' id='word_1_139' title='bbox 225 2075 389 2210; x_wconf 58' lang='lat' dir='ltr'>iaciamus,</span> <span class='ocrx_word' id='word_1_140' title='bbox 405 2135 442 2199; x_wconf 84' lang='lat' dir='ltr'>F.</span> <span class='ocrx_word' id='word_1_141' title='bbox 462 2131 592 2220; x_wconf 80' lang='lat' dir='ltr'>Joanncs</span> <span class='ocrx_word' id='word_1_142' title='bbox 607 2131 718 2225; x_wconf 54' lang='lat' dir='ltr'>Belgas</span> <span class='ocrx_word' id='word_1_143' title='bbox 734 2133 898 2199; x_wconf 79' lang='lat' dir='ltr'>Catholican</span> <span class='ocrx_word' id='word_1_144' title='bbox 913 2138 1003 2201; x_wconf 86' lang='lat' dir='ltr'>suum</span> <span class='ocrx_word' id='word_1_145' title='bbox 1018 2158 1110 2203; x_wconf 82' lang='lat' dir='ltr'>cona·</span> 
     </span>
     <span class='ocr_line' id='line_1_22' title="bbox 226 2218 1128 2299; baseline 0.007 -19"><span class='ocrx_word' id='word_1_146' title='bbox 226 2218 341 2299; x_wconf 88' lang='lat' dir='ltr'>posuit,</span> <span class='ocrx_word' id='word_1_147' title='bbox 383 2218 450 2281; x_wconf 88' lang='lat' dir='ltr'>uaie</span> <span class='ocrx_word' id='word_1_148' title='bbox 472 2218 584 2299; x_wconf 91' lang='lat' dir='ltr'>prodiit</span> <span class='ocrx_word' id='word_1_149' title='bbox 598 2236 680 2281; x_wconf 86' lang='lat' dir='ltr'>anno</span> <span class='ocrx_word' id='word_1_150' title='bbox 697 2237 788 2298; x_wconf 83' lang='lat'>1497,</span> <span class='ocrx_word' id='word_1_151' title='bbox 803 2221 908 2284; x_wconf 86' lang='lat' dir='ltr'>deinde</span> <span class='ocrx_word' id='word_1_152' title='bbox 925 2219 1053 2286; x_wconf 70' lang='lat' dir='ltr'>autrum</span> <span class='ocrx_word' id='word_1_153' title='bbox 1066 2222 1128 2295; x_wconf 77' lang='lat' dir='ltr'>est-</span> 
     </span>
     <span class='ocr_line' id='line_1_23' title="bbox 226 2301 1111 2383; baseline 0.006 -19"><span class='ocrx_word' id='word_1_154' title='bbox 226 2301 337 2367; x_wconf 70' lang='lat' dir='ltr'>aret..</span> <span class='ocrx_word' id='word_1_155' title='bbox 381 2301 462 2383; x_wconf 86' lang='lat' dir='ltr'>gidio</span> <span class='ocrx_word' id='word_1_156' title='bbox 479 2301 565 2365; x_wconf 86' lang='lat' dir='ltr'>annis</span> <span class='ocrx_word' id='word_1_157' title='bbox 584 2302 693 2380; x_wconf 87' lang='lat' dir='ltr'>viginti</span> <span class='ocrx_word' id='word_1_158' title='bbox 718 2303 792 2380; x_wconf 91' lang='lat' dir='ltr'>post.</span> <span class='ocrx_word' id='word_1_159' title='bbox 837 2303 955 2366; x_wconf 89' lang='lat' dir='ltr'>Nonne</span> <span class='ocrx_word' id='word_1_160' title='bbox 976 2305 1058 2369; x_wconf 84' lang='lat' dir='ltr'>forte</span> <span class='ocrx_word' id='word_1_161' title='bbox 1075 2324 1111 2368; x_wconf 87' lang='lat' dir='ltr'>a·</span> 
     </span>
     <span class='ocr_line' id='line_1_24' title="bbox 226 2383 1110 2469; baseline 0.006 -23"><span class='ocrx_word' id='word_1_162' title='bbox 226 2383 285 2448; x_wconf 79' lang='lat' dir='ltr'>lius</span> <span class='ocrx_word' id='word_1_163' title='bbox 312 2385 410 2469; x_wconf 81' lang='lat' dir='ltr'>postea</span> <span class='ocrx_word' id='word_1_164' title='bbox 429 2387 510 2462; x_wconf 86' lang='lat' dir='ltr'>idem</span> <span class='ocrx_word' id='word_1_165' title='bbox 526 2383 749 2467; x_wconf 82' lang='lat' dir='ltr'>amplificavit?</span> <span class='ocrx_word' id='word_1_166' title='bbox 775 2385 840 2468; x_wconf 80' lang='lat' dir='ltr'>Qri</span> <span class='ocrx_word' id='word_1_167' title='bbox 866 2387 961 2460; x_wconf 89' lang='lat' dir='ltr'>norit,</span> <span class='ocrx_word' id='word_1_168' title='bbox 984 2400 1110 2468; x_wconf 83' lang='lat' dir='ltr'>gratum</span> 
     </span>
     <span class='ocr_line' id='line_1_25' title="bbox 225 2466 1110 2557; baseline 0.007 -26"><span class='ocrx_word' id='word_1_169' title='bbox 225 2468 305 2532; x_wconf 88' lang='lat' dir='ltr'>mihi</span> <span class='ocrx_word' id='word_1_170' title='bbox 322 2469 426 2544; x_wconf 82' lang='lat' dir='ltr'>faciet,</span> <span class='ocrx_word' id='word_1_171' title='bbox 448 2466 470 2530; x_wconf 87' lang='lat' dir='ltr'>fi</span> <span class='ocrx_word' id='word_1_172' title='bbox 490 2488 540 2530; x_wconf 89' lang='lat' dir='ltr'>me</span> <span class='ocrx_word' id='word_1_173' title='bbox 564 2468 712 2533; x_wconf 85' lang='lat' dir='ltr'>docuerit.</span> <span class='ocrx_word' id='word_1_174' title='bbox 758 2467 848 2548; x_wconf 83' lang='lat' dir='ltr'>Quot</span> <span class='ocrx_word' id='word_1_175' title='bbox 867 2486 941 2531; x_wconf 84' lang='lat' dir='ltr'>vero</span> <span class='ocrx_word' id='word_1_176' title='bbox 958 2471 1041 2545; x_wconf 87' lang='lat' dir='ltr'>sunt,</span> <span class='ocrx_word' id='word_1_177' title='bbox 1057 2473 1110 2557; x_wconf 83' lang='lat' dir='ltr'>qui</span> 
     </span>
     <span class='ocr_line' id='line_1_26' title="bbox 226 2548 1107 2634; baseline 0 -15"><span class='ocrx_word' id='word_1_178' title='bbox 226 2549 369 2633; x_wconf 64' lang='lat' dir='ltr'>calepio</span> <span class='ocrx_word' id='word_1_179' title='bbox 387 2571 496 2616; x_wconf 84' lang='lat' dir='ltr'>manus</span> <span class='ocrx_word' id='word_1_180' title='bbox 519 2551 725 2614; x_wconf 87' lang='lat' dir='ltr'>admoverunt</span> <span class='ocrx_word' id='word_1_181' title='bbox 737 2548 759 2619; x_wconf 15' lang='grc' dir='ltr'>,ΡΙ</span> <span class='ocrx_word' id='word_1_182' title='bbox 783 2551 848 2634; x_wconf 80' lang='lat' dir='ltr'>Qti</span> <span class='ocrx_word' id='word_1_183' title='bbox 868 2548 998 2615; x_wconf 72' lang='lat' dir='ltr'>lechone</span> <span class='ocrx_word' id='word_1_184' title='bbox 1013 2554 1107 2634; x_wconf 85' lang='lat' dir='ltr'>valet,</span> 
     </span>
     <span class='ocr_line' id='line_1_27' title="bbox 224 2632 1108 2719; baseline 0.005 -22"><span class='ocrx_word' id='word_1_185' title='bbox 224 2635 255 2698; x_wconf 93' lang='lat' dir='ltr'>id</span> <span class='ocrx_word' id='word_1_186' title='bbox 270 2636 396 2719; x_wconf 86' lang='lat' dir='ltr'>quidem</span> <span class='ocrx_word' id='word_1_187' title='bbox 411 2655 476 2697; x_wconf 92' lang='lat' dir='ltr'>non</span> <span class='ocrx_word' id='word_1_188' title='bbox 498 2635 630 2714; x_wconf 81' lang='lat' dir='ltr'>ignorat.</span> <span class='ocrx_word' id='word_1_189' title='bbox 674 2633 836 2712; x_wconf 85' lang='lat' dir='ltr'>Propterea</span> <span class='ocrx_word' id='word_1_190' title='bbox 861 2632 1028 2698; x_wconf 73' lang='lat' dir='ltr'>Ludwicus</span> <span class='ocrx_word' id='word_1_191' title='bbox 1043 2636 1108 2701; x_wconf 78' lang='lat' dir='ltr'>No·</span> 
     </span>
     <span class='ocr_line' id='line_1_28' title="bbox 223 2713 1110 2801; baseline 0.007 -21"><span class='ocrx_word' id='word_1_192' title='bbox 223 2720 366 2796; x_wconf 82' lang='lat' dir='ltr'>oar&#39;inus,</span> <span class='ocrx_word' id='word_1_193' title='bbox 387 2721 438 2782; x_wconf 89' lang='lat' dir='ltr'>cui</span> <span class='ocrx_word' id='word_1_194' title='bbox 461 2731 527 2780; x_wconf 89' lang='lat' dir='ltr'>tam</span> <span class='ocrx_word' id='word_1_195' title='bbox 551 2716 649 2779; x_wconf 85' lang='lat' dir='ltr'>multa</span> <span class='ocrx_word' id='word_1_196' title='bbox 673 2713 830 2801; x_wconf 80' lang='lat' dir='ltr'>Philomust</span> <span class='ocrx_word' id='word_1_197' title='bbox 850 2717 973 2794; x_wconf 84' lang='lat' dir='ltr'>debent,</span> <span class='ocrx_word' id='word_1_198' title='bbox 998 2724 1110 2801; x_wconf 84' lang='lat' dir='ltr'>merito</span> 
     </span>
     <span class='ocr_line' id='line_1_29' title="bbox 222 2799 1106 2880; baseline 0.007 -14"><span class='ocrx_word' id='word_1_199' title='bbox 222 2805 351 2867; x_wconf 86' lang='lat' dir='ltr'>eumin</span> <span class='ocrx_word' id='word_1_200' title='bbox 372 2800 568 2866; x_wconf 78' lang='lat' dir='ltr'>Dittionario</span> <span class='ocrx_word' id='word_1_201' title='bbox 592 2801 646 2863; x_wconf 89' lang='lat' dir='ltr'>suo</span> <span class='ocrx_word' id='word_1_202' title='bbox 665 2799 810 2880; x_wconf 79' lang='lat' dir='ltr'>Lugduni</span> <span class='ocrx_word' id='word_1_203' title='bbox 835 2824 851 2862; x_wconf 94' lang='lat'><em>2</em></span> <span class='ocrx_word' id='word_1_204' title='bbox 868 2801 986 2869; x_wconf 80' lang='lat' dir='ltr'>Tomis</span> <span class='ocrx_word' id='word_1_205' title='bbox 1005 2805 1037 2869; x_wconf 89' lang='lat' dir='ltr'>in</span> <span class='ocrx_word' id='word_1_206' title='bbox 1051 2806 1106 2873; x_wconf 90' lang='lat' dir='ltr'>fol.</span> 
     </span>
     <span class='ocr_line' id='line_1_30' title="bbox 222 2882 1107 2966; baseline -0.01 -14"><span class='ocrx_word' id='word_1_207' title='bbox 222 2885 538 2964; x_wconf 81' lang='lat' dir='ltr'>sumtibushaeredum</span> <span class='ocrx_word' id='word_1_208' title='bbox 555 2883 636 2947; x_wconf 86' lang='lat' dir='ltr'>Petri</span> <span class='ocrx_word' id='word_1_209' title='bbox 650 2882 749 2956; x_wconf 85' lang='lat' dir='ltr'>Prost‚</span> <span class='ocrx_word' id='word_1_210' title='bbox 765 2884 823 2960; x_wconf 75' lang='lat' dir='ltr'>&amp;n</span> <span class='ocrx_word' id='word_1_211' title='bbox 840 2904 923 2948; x_wconf 91' lang='lat' dir='ltr'>anno</span> <span class='ocrx_word' id='word_1_212' title='bbox 941 2887 1029 2966; x_wconf 75' lang='lat'>¹⁶47·</span> <span class='ocrx_word' id='word_1_213' title='bbox 1043 2893 1107 2954; x_wconf 69' lang='lat' dir='ltr'>edi.</span> 
     </span>
     <span class='ocr_line' id='line_1_31' title="bbox 223 2965 961 3052; baseline -0.008 -14"><span class='ocrx_word' id='word_1_214' title='bbox 223 2975 249 3039; x_wconf 92' lang='lat' dir='ltr'>ti</span> <span class='ocrx_word' id='word_1_215' title='bbox 269 2968 421 3034; x_wconf 87' lang='lat' dir='ltr'>ultimum</span> <span class='ocrx_word' id='word_1_216' title='bbox 440 2968 558 3052; x_wconf 58' lang='lat' dir='ltr'>rocuso2</span> <span class='ocrx_word' id='word_1_217' title='bbox 579 2969 640 3032; x_wconf 86' lang='lat' dir='ltr'>hoc</span> <span class='ocrx_word' id='word_1_218' title='bbox 660 2965 762 3051; x_wconf 87' lang='lat' dir='ltr'>elogio</span> <span class='ocrx_word' id='word_1_219' title='bbox 782 2968 961 3034; x_wconf 80' lang='lat' dir='ltr'>celebravit:</span> 
     </span>
    </p>
   </div>
   <div class='ocr_carea' id='block_1_3' title="bbox 221 3211 1123 3611">
    <p class='ocr_par' dir='ltr' id='par_1_3' title="bbox 221 3211 1123 3611">
     <span class='ocr_line' id='line_1_32' title="bbox 262 3211 1108 3293; baseline 0.009 -8"><span class='ocrx_word' id='word_1_220' title='bbox 262 3211 516 3285; x_wconf 79' lang='lat' dir='ltr'>AMBRosto</span> <span class='ocrx_word' id='word_1_221' title='bbox 534 3214 772 3282; x_wconf 84' lang='lat' dir='ltr'>CALEPINO</span> <span class='ocrx_word' id='word_1_222' title='bbox 796 3214 1108 3293; x_wconf 84' lang='lat' dir='ltr'>BERGOMENSI</span> 
     </span>
     <span class='ocr_line' id='line_1_33' title="bbox 221 3295 1107 3378; baseline -0.005 -9"><span class='ocrx_word' id='word_1_223' title='bbox 221 3300 416 3378; x_wconf 79' lang='lat' dir='ltr'><strong>LATINA</strong></span> <span class='ocrx_word' id='word_1_224' title='bbox 467 3299 686 3364; x_wconf 84' lang='lat' dir='ltr'>UANTUM</span> <span class='ocrx_word' id='word_1_225' title='bbox 705 3298 898 3363; x_wconf 79' lang='lat' dir='ltr'>DEBEAT</span> <span class='ocrx_word' id='word_1_226' title='bbox 918 3295 1107 3378; x_wconf 80' lang='lat' dir='ltr'>LINGUA</span> 
     </span>
     <span class='ocr_line' id='line_1_34' title="bbox 229 3376 1065 3451; baseline 0 0"><span class='ocrx_word' id='word_1_227' title='bbox 229 3386 233 3394; x_wconf 85' lang='lat'>&#39;</span> <span class='ocrx_word' id='word_1_228' title='bbox 267 3442 270 3449; x_wconf 91' lang='grc'><em>,</em></span> <span class='ocrx_word' id='word_1_229' title='bbox 309 3380 448 3450; x_wconf 87' lang='lat' dir='ltr'><strong>EXPRI</strong></span> <span class='ocrx_word' id='word_1_230' title='bbox 495 3384 509 3445; x_wconf 90' lang='lat'>1</span> <span class='ocrx_word' id='word_1_231' title='bbox 533 3379 725 3446; x_wconf 83' lang='lat' dir='ltr'>LINGUA</span> <span class='ocrx_word' id='word_1_232' title='bbox 746 3379 855 3443; x_wconf 91' lang='lat' dir='ltr'>NON</span> <span class='ocrx_word' id='word_1_233' title='bbox 876 3376 1065 3451; x_wconf 72' lang='lat' dir='ltr'><strong>POTAEST</strong></span> 
     </span>
     <span class='ocr_line' id='line_1_35' title="bbox 221 3457 1123 3611; baseline -0.025 -70"><span class='ocrx_word' id='word_1_234' title='bbox 221 3464 414 3553; x_wconf 62' lang='lat' dir='ltr'>upTloR</span> <span class='ocrx_word' id='word_1_235' title='bbox 435 3464 593 3535; x_wconf 75' lang='lat' dir='ltr'>LATto</span> <span class='ocrx_word' id='word_1_236' title='bbox 620 3462 717 3611; x_wconf 57' lang='lat' dir='ltr'>IBSA</span> <span class='ocrx_word' id='word_1_237' title='bbox 736 3457 1019 3526; x_wconf 66' lang='lat' dir='ltr'>sthttouta</span> <span class='ocrx_word' id='word_1_238' title='bbox 1032 3469 1065 3530; x_wconf 55' lang='grc' dir='ltr'>ἲ</span> <span class='ocrx_word' id='word_1_239' title='bbox 1078 3479 1123 3532; x_wconf 49' lang='lat' dir='ltr'>g.</span> 
     </span>
    </p>
   </div>
   <div class='ocr_carea' id='block_1_4' title="bbox 0 0 1376 4242">
    <p class='ocr_par' dir='ltr' id='par_1_4' title="bbox 0 0 1376 4242">
     <span class='ocr_line' id='line_1_36' title="bbox 0 0 1376 4242; baseline 0 3"><span class='ocrx_word' id='word_1_240' title='bbox 0 0 1376 4242; x_wconf 95' lang='lat' dir='ltr'> </span> 
     </span>
    </p>
   </div>
  </div>
 </body>
</html>
