2742 4242
283 435 377 521 ²¹²„
470 406 986 480 BIBL'IOTHECA

283 529 334 592 hic
348 527 513 595 describere
536 546 601 591 non
624 528 780 616 gravabor.
826 526 877 589 Ad
894 523 1041 587 Senatum
1059 524 1091 589 ἃ
1104 521 1159 586 Ρο·

286 614 395 694 pulum
416 612 655 693 Bergomenlem
670 613 711 675 ita
727 611 845 675 scribit:
880 606 985 671 Plures
998 607 1160 693 annisunt,

285 715 322 771 ex
342 716 396 775 quo
421 693 506 756 veli
526 695 671 780 profanis,
698 707 761 754 tum
782 691 943 767 veteribus,
964 702 1029 753 tum
1045 689 1161 753 recenti-

287 777 360 852 lu53
383 777 432 840 vel
442 774 644 853 oi'Corlsoliois‚
668 778 702 839 ist
717 777 760 838 his
771 780 843 863 saone
865 773 1038 859 dottiffimis,
1046 770 1162 860 senilis·

277 859 414 946 fimrsque
444 860 542 937 uiris,
571 861 772 942 complurimas
803 860 960 922 diatonum
990 857 1163 937 interpreta-

288 943 388 1021 tiones,
409 963 474 1024 qua
491 943 563 1006 mihi
583 946 623 1008 ad
633 943 831 1024 pernoscendae
845 947 999 1004 autorum
1010 938 1164 1027 sententias

289 1025 403 1090 idoneae
417 1026 603 1104 viderentur,
627 1041 774 1107 excerpere
791 1042 878 1106 arque
892 1026 923 1088 in
946 1046 1040 1088 unum
1057 1024 1115 1106 e'e'pi
1127 1042 1164 1083 eo-

287 1128 365 1190 gere.
411 1110 454 1174 Et
474 1112 564 1193 paulo
578 1111 663 1192 poli:
686 1112 788 1191 Neque
803 1130 871 1172 vero
886 1128 915 1171 eo
933 1108 984 1170 vel
997 1104 1166 1171 temeritatis

291 1192 341 1257 vel
352 1193 502 1257 elementior
523 1195 655 1257 roooaos
661 1191 746 1280 fiens,
769 1206 803 1255 nt
817 1194 958 1255 bonarum
971 1180 1089 1271 arsinoi
1103 1190 1166 1278 sta·

292 1276 371 1362 diosts
386 1278 463 1361 satis
485 1297 529 1341 me
548 1278 652 1364 facere
662 1274 732 1362 poffl
754 1274 908 1357 existimem
920 1302 930 1350 t
953 1276 1168 1355 quandonam,

292 1360 358 1425 licet
372 1359 620 1448 stipientifflmus,
654 1362 685 1424 id
710 1379 836 1440 unquam
867 1357 1008 1440 proestare
1030 1355 1168 1439 potuerit,

293 1456 428 1524 certoque
442 1444 550 1531 sciam,
570 1466 614 1511 one
638 1465 688 1509 nec
700 1456 778 1507 tanto
792 1442 915 1522 ingenio,
933 1453 1060 1506 tantave
1073 1442 1170 1506 litera·

295 1540 368 1590 tura
378 1528 554 1610 precellere,
577 1541 624 1607 ut,
652 1525 759 1609 quaa*
789 1525 882 1590 Nonio
897 1525 1057 1601 Marcelle,
1087 1522 1172 1609 Festo,

293 1611 443 1695 Pompejo,
472 1612 611 1689 Pediano,
638 1609 752 1689 Seruio,
771 1609 900 1685 Donato,
922 1607 1069 1686 Varrone,
1087 1662 1090 1668 ⁴
1107 1620 1172 1672 cete·

297 1694 394 1781 resque
407 1696 527 1760 Latina
541 1696 667 1777 Lingua
686 1694 844 1758 luminilus
857 1692 1031 1756 elucubrata
1042 1690 1174 1781 suerint,

296 1796 345 1858 ege
360 1776 414 1862 ipse
434 1780 526 1857 magis
540 1778 672 1860 religioni
685 1777 845 1854 dedicatus,
866 1796 954 1857 quam
977 1778 1112 1858 cuipiam
1126 1775 1156 1840 oti

293 1859 422 1941 eiplinae,
444 1861 551 1925 clarius
564 1875 619 1924 aut
634 1860 807 1926 enucleatius
823 1860 952 1947 scribere
970 1859 1049 1945 poffe
1064 1860 1133 1946 confi
1163 1894 1175 1908 -

296 1965 370 2009 rem.
413 1943 539 2023 Verum,
565 1946 634 2026 quia
660 1950 692 2010 in
719 1943 959 2030 prastaotffmis
989 1945 1053 2009 illis
1082 1945 1177 2009 litere·

299 2048 369 2092 rum
396 2027 585 2113 Antssitibus
614 2028 747 2110 plurima
774 2026 1027 2113 destinarentur,
1057 2048 1127 2110 ego,·
1147 2035 1176 2088 ut

297 2112 442 2173 communi
452 2111 647 2203 studiojorum
683 2111 812 2173 utilitati
834 2109 1021 2194 consulerem,
1057 2132 1092 2174 as
1116 2108 1176 2176 ontis

293 2202 348 2274 pro
369 2192 613 2279 viribussusoepti
627 2194 756 2256 muneris
779 2191 869 2276 offiao
890 2194 1121 2290 cumulatiffime
1131 2190 1175 2283 fi·

299 2273 477 2361 tissaeerem,
496 2296 530 2339 ea
540 2276 665 2358 carptim
686 2296 721 2339 ere
735 2280 863 2341 omnium
873 2289 944 2358 pene
963 2277 1175 2364 disciplinarum

297 2359 488 2423 monumentis
517 2373 678 2440 expromere
702 2372 817 2424 conatus
852 2362 946 2456 sioni.-
968 2362 1071 2427 multa
1091 2376 1176 2429 conte

298 2445 445 2508 Laurent.
476 2442 613 2523 Vallem,
635 2457 735 2508 eontra
762 2443 961 2525 Prisreonum‚
985 2446 1115 2527 aliosque
1131 2465 1175 2511 at·

300 2532 403 2601 flores,
424 2528 665 2611 praestantiorum
681 2529 855 2591 autioritate
877 2546 973 2592 nixus.
1024 2532 1103 2596 Plus
1116 2529 1177 2595 enin

302 2612 386 2692 apud
399 2632 444 2674 me
455 2612 607 2695 Ambusti,
624 2611 808 2690 Hieronymi,
823 2611 872 2674 uel
881 2611 970 2690 Augu
997 2614 1046 2678 ini
1056 2606 1175 2698 grauitas

302 2697 337 2757 {t
349 2695 478 2757 doctrina
492 2698 584 2771 votet,
597 2699 630 2760 ὕ
647 2695 827 2758 Graecorum
848 2714 935 2774 quarn
974 2701 1115 2764 aurentii
1122 2694 1175 2765 tot·

302 2777 485 2863 laestudiaste
509 2779 690 2863 reprehensio.
735 2779 773 2842 Io
787 2789 886 2842 autem
909 2783 978 2840 bene
1006 2789 1122 2848 malove

301 2858 454 2943 affectatus,
468 2861 605 2940 judicent
618 2864 680 2926 alii.
728 2863 790 2926 Hoc
805 2883 894 2927 unum
910 2857 1076 2944 affirmare
1088 2780 1174 2954 aui:
1190 2872 1196 2885 '

303 2942 429 3027 nostrum
461 2946 510 3007 hor
540 2959 607 3025 opus
627 2949 661 3008 (t
687 2945 887 3038 vocabulernm
914 2948 1128 3027 multitudine,
1152 2946 1174 3011 θ

300 3026 534 3110 praeposttionum
557 3030 824 3108 interpretamento,
850 3030 885 3092 ii
902 3036 1064 3098 unciarum
1080 3032 1173 3098 citatio

305 3131 352 3188 ne,
374 3110 524 3189 ordineque
550 3113 723 3174 dioiionaria
749 3118 851 3179 cunda
863 3112 1023 3198 steperare.
1070 3121 1114 3185 Et
1139 3116 1174 3181 sul

307 3196 401 3261 finem
418 3195 571 3276 epistolae:
604 3195 712 3259 Multa
735 3217 816 3273 vero,
840 3197 895 3260 insa
927 3210 1004 3279 pene
1026 3202 1173 3268 ionnnno

305 3280 377 3342 bilia
404 3278 501 3365 defient
541 3279 572 3342 in
599 3279 646 3342 hoe
670 3292 771 3359 opere:
827 3280 908 3367 Quis
944 3284 1027 3349 enim
1064 3277 1173 3365 uniunli

307 3363 406 3427 multis
420 3364 508 3428 etiarn
525 3376 607 3444 queat
622 3363 853 3445 comprehendere
867 3364 1102 3436 voluminibus?

1094 3532 1167 3620 A'tqe
